1975 3343
708 258 1072 301 ——02111—

70 358 221 409 tarum
259 367 513 434 (arborum)
567 375 844 437 plerumque
895 383 1044 427 adfixa
1093 393 1137 428 et
1171 389 1398 434 continuo
1450 396 1711 451 crescentia,

67 447 293 491 nonnulla
330 450 386 492 ad
422 453 636 498 animalia
676 461 820 517 magis
865 464 1109 521 vergentia,
1144 466 1295 511 colore
1330 473 1456 515 vario
1494 474 1710 535 insignia,

69 524 319 571 carbonate
356 530 490 574 calcis
528 530 583 593 (v.
628 535 784 593 silicia)
825 553 960 581 -=——-
994 541 1147 598 farcta,
1193 545 1390 603 plurima
1438 555 1628 599 nonnisi
1659 557 1739 600 in‘

67 612 186 651 statu
225 609 473 664 pet1·efacto
531 629 659 657 nunc
718 617 974 673 existentia,
1029 624 1225 669 minima
1268 643 1314 671 v.
1353 630 1521 677 insulas
1573 643 1709 691 totas,

67 685 350 730 Australasiae
387 691 655 747 praeprimis,
689 693 994 742 innovatione
1031 704 1256 749 continua
1292 707 1599 768 efformantia,
1631 731 1707 760 sae-

66 763 172 820 pius
207 754 481 825 polypigcissa.

166 853 675 920 Polypimicroscopici
710 880 753 914 v,
793 870 985 913 maximi
1024 868 1255 928 (diametri
1275 879 1463 941 pedalis)
1504 884 1708 931 referunt

65 947 248 977 saccum
284 950 325 978 v.
360 937 577 983 tubulum
617 943 874 1002 simplicem
910 964 956 992 v.
1005 951 1310 1012 duplicatum,
1356 963 1626 1008 extensilem
1662 975 1707 1011 et
1754 986 1757 987 ⁷

65 1013 398 1070 contractilcm,
434 1033 551 1077 scepe
588 1020 636 1063 in
673 1023 849 1068 discum
885 1043 1103 1086 superum
1140 1034 1401 1082 ostiolatum
1439 1056 1485 1084 v.
1524 1046 1706 1090 mamil-

63 1087 154 1131 lam
195 1099 238 1134 et
275 1092 474 1138 limbum
514 1098 705 1156 planum
743 1118 787 1151 v,
824 1108 1061 1151 ‘teversum
1106 1107 1318 1169 (pileum,
1357 1118 1568 1181 pallium)
1603 1139 1706 1182 pro-

64 1168 259 1214 ductum
295 1199 360 1205 —-
395 1192 446 1218 ac
484 1180 723 1224 tentaculis
767 1183 931 1242 simpl,
969 1189 1206 1246 tubulosis,
1250 1195 1466 1253 pinnatis,
1502 1205 1706 1259 ramosis,

63 1252 325 1307 verrucosis‚
361 1257 572 1301 maximis
610 1274 646 1302 V.
682 1262 888 1308 minimis
927 1264 1122 1332 (nullis),
1168 1275 1358 1332 torpidis
1393 1292 1435 1326 v,
1471 1283 1705 1328 sensibilli-

3 1348 16 1356 -
64 1327 153 1372 mis
187 1329 402 1376 obsitum.
453 1337 617 1381 Saccus
663 1339 835 1398 duplex
871 1344 918 1386 in
954 1346 1158 1393 cloacam
1215 1360 1261 1396 et
1307 1363 1464 1400 cutem
1502 1360 1704 1408 discedit:

63 1405 213 1451 cloaca
253 1407 568 1473 (ventriculus)
609 1419 893 1479 quandoque
949 1424 1158 1482 minima,
1211 1442 1507 1481 monostoma
1561 1455 1704 1486 vescae

13 1515 17 1519 ,
61 1489 347 1533 assumendae
383 1500 427 1535 et
461 1498 762 1541 excernendae
795 1515 848 1543 ac
883 1503 1030 1548 ovulis
1076 1522 1116 1550 v.
1160 1509 1299 1567 pullis
1340 1518 1703 1566 transmittendis

62 1581 195 1624 aeque
226 1569 428 1625 inservit,
463 1573 513 1615 in
550 1575 792 1622 Flustrinis
831 1596 935 1625 vero
972 1586 1021 1628 in
1059 1587 1230 1632 tubum
1266 1593 1490 1640 cibarium
1528 1601 1704 1644 condu-

61 1646 283 1704 plicatum
337 1652 608 1708 perfectum.
664 1672 740 1701 ore
777 1667 822 1703 et
838 1674 929 1704 ano
967 1666 1215 1722 praeditum
1253 1669 1543 1741 (distomum)
1585 1681 1703 1724 evol·

61 1727 200 1772 vitur.
235 1729 360 1773 Cutis
395 1732 670 1794 plerumque
708 1738 869 1796 plicata
907 1741 1028 1788 inter
1063 1745 1264 1795 lamellas
1293 1752 1495 1801 internas
1532 1775 1699 1820 organa

60 1806 254 1851 sexualia
291 1811 470 1862 condit,
506 1823 636 1859 extus
671 1832 878 1875 gemmas
922 1831 967 1866 et
1002 1825 1197 1872 stolones
1232 1832 1327 1892 agit
1361 1860 1427 1866 —-
1462 1844 1505 1881 et
1538 1841 1702 1898 saepius

61 1887 358 1953 carbonatem
394 1893 527 1937 calcis
550 1896 607 1938 ad
635 1899 855 1958 aciculos,
893 1909 1180 1963 receptacula
1215 1912 1497 1972 polyporum
1533 1933 1573 1963 v.
1592 1921 1699 1964 axin

60 1966 189 2010 thalli
224 1969 466 2015 formanda
522 1978 723 2021 secernit.
779 1981 938 2041 Polypi
981 1987 1282 2044 Hydroideor.
1309 2009 1355 2038 v.
1385 1996 1573 2043 steriles?
1593 2010 1701 2046 sunt

61 2062 106 2092 ν.
144 2049 357 2109 genitalia
396 2060 579 2096 externa
619 2066 797 2116 gerunt.
831 2063 891 2104 111
930 2064 1210 2121 quibusdam
1249 2086 1418 2132 organa
1455 2079 1698 2124 urticantia

62 2126 291 2185 (vesiculae
327 2132 478 2189 pilum
514 2136 711 2180 tortilem
752 2142 1048 2203 condentes),
1083 2149 1313 2207 uncinuli‚
1359 2170 1591 2213 processus
1626 2177 1699 2205 va-

58 2209 129 2263 rii,
162 2210 436 2267 epithclium
470 2215 662 2271 micans,
699 2234 866 2264 mucus
909 2223 1315 2287 phosphorescens‚
1350 2235 1478 2281 fibrae
1514 2254 1698 2286 muscu-

58 2286 184 2343 lares,
216 2290 313 2332 imo
349 2293 492 2336 nervi?
528 2303 572 2338 et
607 2297 731 2340 oculi
775 2300 1091 2349 observantur.
1141 2310 1406 2369 Respiratio'
1436 2331 1582 2376 aquea
1617 2336 1699 2378 per

59 2368 237 2412 canales
272 2371 420 2414 varios
454 2381 499 2416 et
535 2390 668 2432 poros
705 2386 924 2425 cutaneos
958 2384 1264 2433 absolvenda?

159 2460 525 2519 Multiplicantur
559 2467 716 2527 polypi
752 2486 830 2528 per
865 2471 1131 2520 divisionem
1175 2491 1481 2538 spontaneam
1516 2491 1695 2547 perfect.

57 2552 97 2581 v.
132 2538 460 2596 imperfectam,
494 2547 658 2602 saepius
694 2564 772 2605 per
817 2565 1030 2610 gemmas
1072 2572 1266 2614 superas,
1311 2562 1477 2609 inferas
1513 2583 1553 2611 v.
1589 2569 1694 2614 late-

58 2617 186 2669 rales,
218 2633 270 2660 ac
306 2619 513 2676 stolones,
550 2626 674 2681 prole
711 2628 894 2673 solubili
930 2647 972 2681 v,
1008 2633 1282 2683 adhaerente.
1320 2642 1513 2689 Plurimi
1549 2649 1696 2693 ovulis

59 2704 102 2740 et
137 2702 457 2758 spermocystis
495 2717 532 2745 v.
569 2707 731 2751 ovariis
768 2717 810 2753 et
867 2714 1085 2758 testiculis
1123 2720 1302 2773 praediti
1338 2733 1460 2779 sunt,
1493 2742 1606 2770 sexu
1642 2746 1693 2772 zc-

57 2782 214 2835 troyue
247 2777 297 2819 in
336 2779 499 2822 eodem
537 2796 576 2824 v.
609 2784 793 2830 duobus
827 2789 1076 2836 individuis
1111 2795 1265 2849 ol)vio;
1304 2804 1490 2859 qnidam
1526 2808 1692 2866 vivifia-

58 2857 101 2898 n·
132 2863 241 2899 sunt
265 2872 315 2925 ·v.
358 2859 568 2904 Medusas
620 2863 922 2924 dejiciendus,
973 2876 1157 2932 organis
1214 2881 1436 2925 sexualil).
1491 2887 1691 2942 provisas

60 2934 341 2992 producunt.
387 2939 532 2983 Ovula
576 2943 826 2990 vesiculam
869 2951 1200 2999 Purlzinianam
1251 2967 1295 3004 et
1337 2962 1690 3023 Wagnerianam

1359 3052 1414 3095 51
