1975 3343
905 241 1270 283 -QSZtss

264 363 453 430 paevam
488 386 527 414 v.
564 369 715 414 multo
753 370 992 429 majorem,
1038 368 1330 413 haustorium
1374 370 1629 414 solitarium
1665 379 1710 416 et
1744 372 1916 433 genita-

261 451 315 494 lia
353 450 529 506 fovens,
562 449 633 494 vel
667 449 917 508 siphonem
944 448 1250 505 rhizoideum,
1276 465 1529 505 ramosum,
1563 465 1696 492 -4————
1720 451 1914 512 longum

259 548 460 587 exerens,
493 533 571 576 cui
606 531 841 576 haustoria
878 530 1024 589 plura,
1060 529 1249 585 alterna,
1284 531 1447 575 ovariis
1483 538 1529 573 et
1568 532 1808 576 tentaculis
1823 540 1913 576 tor-

257 611 413 656 tilibus
449 611 760 655 concomitata
798 618 842 654 et
879 610 1163 668 quibusdam
1198 610 1643 660 bracteata,ad11exa
1665 618 1785 655 sunt.
1820 614 1913 671 Hy-

255 690 478 750 drocystis
511 689 731 750 generalis
763 689 819 732 ad
858 689 988 732 basin
1003 688 1214 746 siphonis
1251 690 1370 733 intra
1397 689 1638 734 cucullum
1658 716 1723 722 —-
1746 696 1792 733 et
1813 705 1911 748 par-

259 771 382 815 tiales
417 772 474 814 ad
514 771 760 825 tentacula,
796 785 908 814 cum
962 771 1125 825 fluido,
1161 771 1219 815 ad
1266 771 1366 816 haec
1404 788 1573 833 organa
1612 773 1914 834 turgefacien·

255 852 310 894 da
346 848 634 895 inserviente.

357 949 394 974 a.
434 929 992 992 Il‘Ionogastricae:
1031 930 1326 976 haustorium
1379 933 1594 986 unicum3
1639 932 1773 991 sipho
1810 934 1913 977 nul·

254 1010 340 1054 lus:
381 1034 443 1042 —
479 1010 745 1059 Noctiluca?
781 1009 1021 1065 Eudoxia,
1058 1008 1236 1066 Ersaea,
1269 1008 1523 1072 Aglaismcz.

356 1091 398 1135 b.
434 1088 944 1152 Polygczstricae
979 1093 1204 1135 Lesson:
1258 1092 1392 1151 sipho
1429 1099 1649 1147 exsertus,
1684 1107 1910 1145 ramosus,

253 1188 364 1217 cum
403 1173 650 1233 haustoriis
682 1181 729 1216 et
764 1172 1008 1216 tentaculis
1044 1171 1270 1231 pluribus,
1305 1172 1445 1216 nudis
1480 1187 1521 1216 v.
1558 1172 1811 1216 bractealis:
1849 1199 1911 1204 -—

253 1251 396 1313 Abyla
434 1254 464 1314 ζ
469 1251 620 1315 Calpe,
661 1253 872 1308 Rosacea,
910 1250 1313 1314 Heterocliplzyesj,
1348 1250 1590 1313 Dz'plzyes..

700 1349 826 1381 ΒΑΜ,
852 1343 885 1376 02.
916 1348 1332 1377 POLYTOMINAE
1359 1342 1443 1375 nob.

354 1406 598 1466 Acalephae
634 1407 803 1466 saepius
848 1406 1213 1460 strobiliformes,
1256 1404 1462 1464 hyalinae
1500 1420 1543 1448 ν.
1595 1404 1823 1460 eoloratae,
1858 1407 1913 1448 si-

252 1487 407 1546 phone
443 1488 565 1543 axili,
611 1488 891 1546 quibusdam
943 1487 1236 1547 longissimo,
1287 1485 1537 1546 phyllodiis
1585 1485 1913 1546 crystalloideis

252 1585 295 1619 v,
335 1569 674 1628 polymorphis,
708 1569 881 1624 multis,
901 1569 1042 1612 dense
1070 1568 1327 1612 imbricatis
1366 1582 1404 1610 v.
1441 1567 1620 1622 dissitis,
1658 1566 1913 1610 mobilibus

252 1658 298 1694 et
334 1651 534 1706 caducis,
585 1650 848 1694 vivacibus.
909 1649 1169 1703 Haustoria,
1219 1647 1372 1691 ovaria
1411 1654 1455 1689 ct
1492 1646 1725 1690 tentacula
1776 1643 1911 1709 (dum

253 1729 441 1789 adsunt)
506 1729 763 1772 terminalia
802 1744 831 1771 v
877 1728 1107 1771 axillaria:
1152 1750 1216 1758 —
1255 1724 1568 1776 Pletlzosoma,
1621 1723 1910 1786 Pobfcomus,

252 1805 580 1870 Hippopodizcs,
616 1806 956 1868 Stephanomz'a,
991 1799 1574 1866 Epz'bcdz‘a,*('S(1reoconus
1613 1805 1786 1869 Less.).
1807 1840 1842 1849 ..

679 1882 1383 1932 FA21.3.1›1{Ysoi›uon1xAE
1410 1896 1484 1929 nob.

353 1974 596 2033 Acalephae
632 1973 837 2033 hyalinae
876 1988 914 2016 v·
954 1972 1238 2032 polychroae,
1262 1972 1467 2032 ampulla
1505 1972 1738 2017 terminali
1772 1990 1911 2032 parva

252 2055 479 2110 ostiolata,
523 2055 742 2099 deorsum
790 2055 839 2098 in
884 2051 1137 2112 siphonem
1196 2053 1524 2098 brevissimum
1561 2069 1601 2098 v.
1639 2054 1912 2114 elongatum

248 2135 493 2196 producta,
529 2135 607 2178 cui
642 2134 820 2177 adnexa
857 2141 967 2178 sunt
1011 2133 1252 2193 phyllodia
1297 2134 1433 2189 varia,
1474 2133 1617 2177 solida
1651 2149 1696 2177 v.
1736 2133 1912 2180 lacuni-

249 2216 357 2271 fera,
391 2213 672 2270 verticillata,
710 2214 904 2259 disticha
942 2229 982 2258 v·
1019 2228 1186 2272 sparsa,
1228 2212 1462 2257 haustoria
1510 2213 1773 2269 hirudinem,
1808 2228 1914 2258 ova-

250 2296 316 2340 ria
350 2296 398 2340 ‘et
435 2293 684 2350 tentacula,
721 2295 888 2353 saepius
925 2309 1120 2342 ramosa.

351 2391 388 2419 a.
427 2375 469 2419 Α
488 2385 508 2418 c
525 2374 557 2420 Ιι
574 2391 599 2418 ο
617 2391 642 2418 ν
644 2391 685 2434 y
702 2374 726 2417 b
746 2377 763 2418 ἱ
781 2391 871 2419 ece:
909 2374 1215 2434 subglobosae,
1243 2372 1438 2432 siphone
1461 2373 1751 2424 brevissimo,
1778 2373 1911 2433 phyl-

250 2457 388 2501 lodiis
430 2458 648 2501 deorsum
692 2455 987 2512 verticillatis,
1037 2454 1273 2514 pendulis,
1322 2454 1498 2498 solidis:
1538 2480 1603 2486 -—
1641 2451 1910 2512 Atlzotybla,

252 2534 553 2600 Anthophysa
565 2569 574 2578 .

354 2618 403 2663 b.
443 2614 490 2659 P
513 2615 721 2678 hyssop
741 2617 974 2662 horece:
1013 2617 1148 2675 sipho
1186 2615 1441 2675 elongatus,
1465 2615 1645 2659 inferne
1680 2616 1910 2672 dilatatus,

253 2698 494 2759 phyllodia
549 2697 815 2753 lacunisera,
870 2697 1117 2751 discticlla,
1172 2711 1350 2754 supera,
1387 2696 1637 2751 haustoria,
1671 2697 1823 2740 ovaria
1860 2706 1905 2741 et

257 2778 490 2824 tentacula
528 2777 689 2822 infera:
724 2806 790 2811 —-
826 2776 1141 2839 Physophora.

354 2875 395 2903 c.
438 2856 480 2902 A
494 2857 783 2919 galmcae:
820 2857 1191 2911 strobiliformes,
1235 2856 1488 2917 phyllodiis
1533 2857 1802 2916 superiorib.
1838 2857 1903 2901 di·

253 2940 422 2996 stichis,
457 2939 689 2994 confertis,
724 2938 1274 2994 lacuniferis,inferiorib.
1307 2938 1466 2983 solidis
1496 2938 1767 2995 imbricatis·⁷
1790 2937 1902 2981 hau-

255 3021 405 3075 storia,
442 3020 595 3064 ovat-ia
632 3027 676 3063 et
711 3026 876 3063 tentae.
913 3019 1068 3064 infera:
1105 3041 1167 3050 —
1205 3016 1422 3079 Agalma.
