1975 3343
456 383 1258 433 ORGANOGRAPHIAE

656 462 1059 538 Supplementtim.

149 600 304 641 Omne
339 596 500 640 vivum
537 611 593 638 ex
627 596 749 639 ovo!
777 594 850 637 vel
887 594 1067 639 rectius:
1102 609 1243 640 omne
1263 597 1535 656 organicum
1557 613 1680 644 com-

48 677 234 734 ponitur
270 692 326 719 ex
360 675 511 719 ovulis
547 674 885 734 polymorphis‚
919 675 1122 718 discretis
1156 690 1200 718 v.
1240 662 1654 724 conferruminatis.

182 754 327 800 Ovula
379 754 656 798 animalium
698 755 865 798 sistunt
919 754 1138 798 vesiculas
1189 756 1580 814 uni-bitunicatas‚
1614 760 1679 804 vi-

49 834 212 878 tellum
247 832 557 881 includentes3
598 832 773 878 vitellus
809 842 1066 878 constanse
1087 833 1291 895 granulis
1327 837 1535 881 minimis
1555 853 1680 882 com·

45 915 188 972 pactis
221 922 266 958 et
299 913 491 973 guttulis
525 913 685 957 oleosis
720 913 925 958 solitariis
960 929 1000 958 v.
1037 913 1259 972 pluribus,
1295 915 1418 960 fovet
1453 914 1529 978 (an
1566 934 1681 962 sem·

47 992 160 1053 pei-P)
197 993 443 1037 vesiculam
481 993 832 1048 Purlzinianam,
868 993 976 1038 huic
1013 1008 1122 1037 vero
1164 994 1282 1039 inest
1318 996 1514 1041 vesicula
1548 999 1681 1058 Wag-

46 1073 231 1116 neriana
272 1073 536 1117 nucleifera.

147 1151 341 1197 Utriculi
379 1153 562 1212 pollin=s
613 1151 837 1212 (pollinia)
884 1162 926 1198 et
970 1170 1115 1213 sporae
1163 1157 1447 1210 Muscomm,
1487 1157 1679 1201 Filicum

46 1240 91 1276 et
127 1232 345 1292 Algarum
381 1234 612 1292 praecipue
644 1233 702 1276 al)
728 1233 875 1278 ovulis
910 1235 985 1277 vix
1021 1234 1317 1279 essentialiter
1352 1235 1590 1281 differunt:
1614 1238 1680 1282 vi·

47 1313 177 1357 tellus
226 1314 276 1356 in
327 1314 665 1372 cytoblastema,
715 1330 832 1373 saepe
888 1314 1218 1375 amyfigerum,
1267 1315 1444 1361 solutus
1479 1333 1517 1361 v.
1553 1333 1678 1362 com·

46 1395 221 1452 pactior
255 1403 299 1437 et
333 1395 608 1448 vesiculifer3
643 1403 689 1439 at
724 1396 1003 1455 cytoblastus
1045 1396 1332 1442 nucleolatus
1376 1397 1556 1456 pollinii
1591 1414 1676 1443 no-

48 1473 153 1516 velli
188 1481 231 1516 et
283 1473 459 1517 cellulae
513 1475 668 1518 vitello
721 1476 1016 1535 vesiculigero
1062 1478 1162 1537 jam
1212 1478 1516 1535 aequiparatus
1566 1487 1670 1524 erat.

44 1552 282 1609 Vesiculae,
333 1554 512 1598 cellulae
553 1571 584 1598 s.
627 1555 816 1598 utriculi
865 1554 1077 1614 sphaerici
1121 1573 1161 1600 v.
1206 1556 1416 1616 elongati,
1450 1573 1474 1601 e
1510 1559 1681 1617 quibus

45 1641 194 1677 textus
228 1634 468 1678 cellulosus
510 1650 539 1678 s.
582 1642 763 1694 cytema
801 1642 844 1678 et
879 1634 1092 1693 inprimis
1142 1635 1451 1695 perenehyma
1495 1651 1681 1696 compo-

46 1713 189 1767 nitur,
223 1713 280 1756 ab
317 1713 464 1757 ovulis
499 1714 805 1772 simpliciorib.
842 1730 886 1758 v.
927 1716 1069 1773 sporis
1113 1715 1276 1758 itidem
1310 1716 1468 1774 paucis
1517 1717 1679 1760 discre-

46 1802 173 1852 pant,
209 1793 291 1837 etsi
326 1794 686 1852 metamorphosi
728 1796 978 1838 successiva
1022 1795 1166 1839 varias
1218 1796 1387 1854 species
1420 1795 1676 1855 parenchy-

45 1874 179 1917 matis
214 1872 458 1934 effingunt,
493 1874 656 1931 saepius
693 1889 780 1931 ope
823 1874 986 1933 gelinae
1039 1876 1159 1918 inter
1194 1890 1240 1917 se
1276 1875 1680 1919 confertuminan-

45 1961 122 1997 tur
158 1968 195 1996 v,
229 1954 279 1996 in
316 1954 607 1997 membranas
649 1961 693 1996 et
735 1953 868 1996 fibras
921 1953 1082 1997 solidas
1117 1953 1392 1997 animalium
1437 1954 1678 2013 colliques-

45 2042 160 2076 cunt
197 2041 242 2077 et
277 2033 422 2078 rarius
459 2034 772 2092 organismum
812 2033 1002 2076 totalem
1037 2047 1336 2094 progenerare
1371 2033 1526 2078 valent
1553 2035 1679 2096 (Bry-

43 2112 289 2172 ophyllum
323 2111 444 2175 etc.)
1524 2167 1531 2176 ι

147 2190 292 2238 Ovula
330 2194 468 2255 igitur
502 2203 609 2239 sunt
643 2191 849 2238 vesiculae
885 2209 919 2243 s,
957 2192 1134 2238 cellulae
1169 2193 1457 2253 granuliferae
1493 2208 1532 2243 e.
1570 2193 1677 2238 vesi-

44 2273 146 2317 cula
184 2275 471 2335 embryonali
506 2291 635 2319 -ι--
687 2275 925 2317 manifesta
961 2281 1006 2317 et
1053 2273 1322 2332 composita,
1373 2288 1424 2317 ac
1475 2273 1678 2318 influxui

44 2355 204 2412 organi
239 2355 558 2399 foecundantis
607 2352 890 2414 (masculini)
936 2353 1150 2412 exposita,
1191 2353 1457 2413 organismo
1496 2354 1678 2414 integro

46 2435 392 2492 reproducendo
428 2435 702 2484 inserviunt.

146 2516 324 2573 Organa
369 2514 621 2558 masculina
666 2514 961 2573 simpliciora.
1006 2512 1064 2555 ad
1108 2512 1358 2557 vesiculam
1405 2511 1677 2556 seminalem

44 2594 298 2653 simplicem
346 2592 720 2655 (spernocystam)
770 2595 980 2647 reductae,
1023 2607 1121 2635 non
1163 2593 1213 2636 in
1248 2592 1467 2636 omnibus
1502 2592 1678 2636 anima·

44 2677 164 2721 libus
207 2675 498 2719 inferioribus
553 2676 843 2733 reperiuntur
891 2690 943 2717 ac
995 2674 1188 2717 deficere
1239 2673 1456 2716 videntur
1513 2671 1678 2729 plantis

46 2755 325 2815 polliniferis,
360 2755 410 2798 ni
446 2754 530 2797 tela
553 2751 741 2812 carpelli
777 2753 1072 2797 conduc-toria
1099 2752 1294 2807 interna,
1329 2752 1444 2805 laxa,
1480 2764 1675 2808 sperma-

47 2836 101 2879 tis
139 2836 256 2878 vices
290 2843 428 2895 gerat,
473 2849 621 2892 quum
675 2833 923 2892 pollinium
969 2833 1017 2875 in
1064 2832 1366 2892 embryonem
1421 2830 1674 2889 perfectum

46 2934 141 2961 non
177 2917 275 2961 sine
311 2915 634 2975 cooperatione
670 2914 852 2973 carpelli
890 2930 928 2958 v.
965 2913 1113 2960 niduli
1149 2914 1405 2958 evolvatur.
1441 2914 1582 2970 Spora
1609 2918 1675 2955 est
