1975 3343
894 172 1197 217 ..ss-

331 317 368 346 c.
402 297 741 346 Cetrarieoe:
796 299 925 351 thall.
961 299 1213 356 verticalis,
1266 300 1512 357 similaris,
1562 293 1879 364 cartilaginem

227 381 418 443 rigidus,
453 378 715 424 membran.
759 395 801 425 v.
837 380 1076 436 sumeres,
1118 380 1364 440 apothecia
1409 379 1667 440 explanata,
1706 383 1882 428 subter-

227 460 386 508 minal.
422 475 464 505 v.
499 458 725 516 lateralia,
766 459 944 507 lamina
978 461 1177 524 ascigera
1214 461 1518 522 inaequabili,
1567 463 1681 507 ascis
1715 463 1883 523 imper·

228 541 361 587 fectis
376 542 415 585 P:
434 566 500 572 —
519 535 750 592 Cetraria,
789 539 1070 604 Rmnalina,
1107 540 1329 587 Roccella.

294 632 338 675 d.
378 627 429 675 U
437 644 554 676 sne
576 647 692 677 eae:
744 631 918 678 thallus
970 632 1298 690 fruticulosus,
1350 632 1555 680 medulla
1596 640 1791 694 stuppea
1836 643 1883 683 v.

227 711 426 766 fibrosa3
479 712 718 771 apothecia
755 712 980 758 terminal.
1018 730 1062 764 v.
1099 713 1332 759 lateralia:
1367 741 1432 748 —-
1471 712 1672 760 Evernia
1687 745 1703 766 ,
1758 714 1885 759 Alec-

226 793 385 838 coria?
423 789 588 836 Usnea.

328 888 460 930 Nota.
532 887 738 942 Genera,
774 882 989 945 'quorum
1025 893 1239 930 auctores
1274 892 1321 931 et
1354 898 1620 946 synonyma
1655 885 1713 936 cl,
1747 886 1886 930 End-

227 966 409 1012 liche'r
448 974 494 1011 et
529 966 774 1012 Reichen
790 966 941 1011 bach
977 966 1205 1021 indicant,
1240 973 1286 1010 et
1304 966 1525 1025 quaedam
1561 965 1780 1010 ommissa
1818 990 1888 999 -—-

227 1047 446 1093 examine
479 1062 606 1093 novo
638 1046 931 1092 refundenda
967 1053 1016 1090 et
1049 1045 1182 1105 plura
1219 1045 1516 1091 reunienda?

326 1151 681 1213 Sclerogasteres
731 1158 778 1195 et
830 1148 1083 1205 Lichenes,
1135 1164 1162 1194 a
1196 1148 1463 1210 phytologis
1515 1149 1685 1208 passim
1738 1148 1890 1194 obiter

228 1242 474 1290 tractatos,
509 1234 658 1280 fusius
689 1233 1091 1283 adumbravimus.
1163 1233 1307 1278 Primi
1348 1230 1632 1293 quibusdam
1669 1233 1796 1278 notis
1828 1233 1889 1278 ad

228 1317 659 1376 Hymenomycetes
692 1320 895 1375 vergunt
929 1320 977 1358 et
1013 1313 1170 1358 fructu
1217 1312 1481 1372 perfectiori
1525 1314 1771 1368 eminent,
1820 1309 1889 1357 illi

228 1393 499 1440 Lichenum
551 1390 871 1453 subanalogO,
922 1392 1211 1452 quibuscum
1253 1399 1301 1436 et
1344 1389 1630 1437 evolutionis
1673 1405 1889 1451 processu

230 1474 378 1535 magis
411 1472 717 1528 conveniunt,
755 1472 1031 1517 observante
1067 1470 1218 1517 Celeb.
1253 1468 1534 1516 Klotzsch.
1586 1472 1829 1533 Lichenes‚
1863 1487 1890 1516 e

229 1561 406 1610 contra,
458 1549 582 1614 Algis
615 1550 877 1598 subsimiles
911 1559 958 1597 et
993 1550 1137 1596 thallo
1174 1551 1446 1611 perfectiori,
1480 1552 1647 1611 passim
1682 1550 1823 1596 sterili
1845 1567 1890 1602 v,

228 1632 337 1679 solis
369 1633 574 1695 gonidiis
608 1633 926 1694 propagando,
961 1633 1178 1693 insignes,
1214 1630 1498 1692 quibusdam
1533 1632 1695 1678 formis
1712 1646 1890 1679 nexum

230 1713 496 1761 naturalem
532 1729 645 1759 cum
681 1713 914 1773 Hepaticis
947 1713 1177 1758 frondosis
1211 1712 1542 1762 demonstrant.

690 1873 880 1937 Ordo
929 1876 1029 1938 III.
1087 1876 1440 1956 Hepaticae.

331 2007 562 2056 Plantulae
597 2023 774 2055 annuae
807 2024 849 2054 v.
886 2022 1136 2070 perennes,
1169 2007 1334 2067 passim
1370 2007 1594 2051 Licheues
1627 2021 1673 2057 v.
1711 2010 1893 2053 Muscos

231 2089 539 2147 aemulantes,
591 2089 858 2151 acrobryae,
910 2089 1248 2150 spiriductibus
1293 2087 1557 2143 destitutae,
1610 2086 1892 2148 plerumque

232 2172 415 2227 virides,
448 2170 820 2230 procumbentes
854 2177 898 2214 et
932 2167 1226 2218 radicellosae‚
1264 2170 1461 2212 Cormus
1487 2166 1538 2210 in
1566 2166 1784 2212 frondem
1808 2167 1892 2213 ho-

232 2266 516 2314 mogeneam
550 2267 592 2295 v.
628 2266 788 2307 nervo,
824 2267 848 2295 e
886 2249 1252 2310 parenchymate
1287 2247 1508 2293 strictiori
1544 2247 1759 2304 formato,
1793 2264 1894 2309 per-

233 2346 416 2378 cursam
437 2364 450 2387 ,
499 2338 583 2376 aut
635 2331 686 2375 in
741 2329 920 2376 caulem
956 2337 1004 2374 et
1038 2328 1147 2373 folia
1182 2344 1251 2372 -÷—
1286 2353 1354 2360 -—
1389 2326 1612 2382 discreta,
1665 2327 1894 2385 disticha,

233 2412 401 2472 passim
443 2410 595 2456 lohata
615 2444 627 2467 ,
676 2411 866 2455 dentata
886 2443 898 2465 ,
948 2407 1204 2454 auriculata
1238 2422 1280 2451 v.
1314 2406 1430 2451 serie
1483 2409 1616 2452 tertia
1668 2407 1893 2454 foliorum

235 2493 537 2537 minutorum
591 2487 994 2553 (amphigastria)
1050 2496 1187 2534 aucta
1244 2494 1288 2530 et
1344 2487 1631 2545 quibusdam
1667 2489 1895 2533 stomatiis

235 2572 443 2634 praedita,
477 2570 741 2627 evolvitur,
792 2586 880 2631 opc
915 2583 1214 2632 gemmarum
1250 2575 1297 2611 et
1331 2567 1503 2611 florum
1540 2566 1793 2614 diclinium
1826 2583 1895 2614 re-

235 2652 579 2714 producendus.
642 2650 914 2696 Antheridia
954 2647 1195 2713 (utriculi,
1246 2662 1390 2692 muco
1442 2647 1694 2707 granuloso
1730 2647 1896 2713 pleni)

235 2732 395 2777 frondi
429 2732 648 2776 immersa
683 2745 727 2777 v.
760 2729 813 2774 in
830 2729 960 2774 disco
993 2728 1183 2788 proprio
1218 2725 1485 2786 marginato
1521 2737 1778 2790 aggregata,
1811 2736 1896 2774 aut

235 2812 437 2858 axillaria
475 2819 523 2857 et
557 2811 728 2872 passim
781 2810 1020 2856 bracteata.
1088 2802 1340 2851 Pistillidia
1391 2804 1593 2851 solitaria
1647 2824 1687 2853 v.
1738 2809 1790 2853 in
1824 2825 1893 2853 re-

237 2891 477 2953 ceptaculo
512 2899 768 2953 aggregata,
801 2891 932 2936 nuda
965 2906 1010 2937 v.
1043 2887 1321 2942 involucro,
1356 2886 1650 2933 involucellis
1685 2896 1731 2934 et
1766 2904 1895 2950 para-

237 2974 463 3036 physibus
523 2973 713 3033 stipata,
761 2970 1103 3033 gynodermide
1152 2966 1354 3030 stylifera
1394 2969 1585 3019 solubili
1626 2978 1674 3018 et
1715 2970 1896 3032 ruptili,
