1975 3343
697 232 1066 274 2955-

159 362 207 402 d.
248 355 290 400 A
303 372 383 416 po
405 358 425 401 l
440 362 566 402 emi
583 373 689 403 ece:
726 357 860 416 sipho
907 345 1212 418 'acrophysuffi
1263 359 1576 403 circumdatus
1611 373 1705 403 am-

55 436 193 495 pullis
228 436 452 489 elongatis
487 447 531 482 et
567 438 781 499 globosis,
832 436 1092 489 haustoriis,
1130 438 1373 482 tentaculis
1408 437 1621 483 ciri-hosis
1646 463 1708 472 -

52 530 106 560 ac
142 517 309 561 ovariis
342 533 383 561 v.
423 517 658 563 testiculis:
702 542 761 547 -—
801 512 1055 573 Apolemz'a,
1093 515 1426 579 Apolemiopsis.

576 605 1183 640 FAM.11.PHYSAL1NAE.

155 681 400 741 Acalephae
435 681 602 739 saepius
637 680 852 724 coloratae
889 688 932 724 et
970 683 1181 742 majores:
1236 683 1380 726 vesica
1430 677 1705 744 pyt-iformis,

53 762 276 820 depressa,
312 759 957 818 hemisphaerica-mamillata,
1005 776 1048 804 v.
1095 761 1442 820 subcompressa
1478 770 1524 806 et
1560 764 1708 806 crista-

53 850 112 895 ta,
149 841 331 884 inferne
366 840 599 884 haustoria
646 840 891 884 hirudinea
932 840 1082 898 plura,
1133 842 1360 885 tentacula
1419 843 1558 891 varia,
1589 856 1708 900 saepe

52 921 317 982 longissima
337 936 500 980 gerens
524 948 583 952 -—
611 920 684 964 vel
721 921 771 963 in
809 920 1056 979 siphonem
1082 936 1318 965 ramosum
1356 923 1568 966 deorsum
1608 937 1708 981 pro-

51 1001 205 1055 ducta,
241 1000 319 1044 cui
357 1000 596 1043 adhaerent
634 1001 782 1045 ovaria
823 1000 1097 1044 fasciculata:

155 1097 192 1124 a.
239 1078 500 1138 Rlzizop
516 1078 757 1138 llyseae:
795 1079 997 1138 ampulla
1063 1079 1342 1139 pyriformis,
1377 1082 1512 1140 sipho
1550 1082 1709 1124 rliizoi-

61 1160 188 1214 deus,
224 1174 445 1211 ramosus,
481 1160 646 1203 ovariis
682 1167 727 1202 et
763 1159 1007 1204 tentaculis
1043 1161 1649 1217 sparsis,v.brevissimus—
1663 1178 1708 1203 o-

52 1240 188 1284 variis
225 1248 270 1283 et
307 1239 547 1283 tentaculis
593 1239 888 1283 verticillatis:
926 1264 988 1272 —
1026 1230 1339 1299 Rlzizoplyscc,
1392 1239 1707 1298 Brachysomc.

155 1321 198 1364 b.
235 1317 671 1363 Discolabeoe:
707 1321 854 1364 vesica
893 1322 1114 1380 depressa,
1159 1321 1402 1378 siphonem
1447 1321 1710 1375 centiulein,

57 1400 287 1446 tentacula
325 1408 370 1443 et
405 1400 558 1443 ovaria
598 1400 864 1444 demittens:
904 1427 968 1432 -—
1006 1398 1253 1450 Discolczbe,
1290 1398 1519 1460 Ds'pliysa.

155 1497 196 1524 c.
236 1480 578 1542 Angelooe:
615 1480 761 1523 vesica
816 1481 1168 1539 hemisphaerica
1220 1480 1391 1539 ampla,
1443 1481 1709 1533 mamillam,

52 1561 284 1605 haustoria
322 1560 570 1603 hirudinem
610 1567 656 1602 et
704 1560 939 1604 tentacula
980 1562 1006 1603 8
1045 1560 1185 1620 longa
1223 1575 1400 1604 ramosa
1440 1560 1705 1603 demittens:

53 1668 119 1674 -—
157 1639 351 1703 Ati-gela.

156 1721 203 1763 d.
245 1718 656 1779 Plzysccliece:
719 1720 864 1763 vesica
919 1734 1105 1780 magna,
1157 1720 1450 1764 transversim
1488 1719 1711 1779 elongata,

53 1801 299 1854 rostellata,
334 1801 466 1843 crista
505 1801 876 1854 membranacea,
910 1800 1128 1845 lacunosa
1150 1800 1321 1844 erectili
1361 1801 1564 1859 praedita,
1584 1801 1710 1844 disco

52 1881 203 1924 infero
240 1879 478 1923 vasculoso
514 1887 559 1922 et
593 1894 798 1933 carnoso,
835 1880 1070 1924 haustoria
1114 1898 1156 1924 00
1212 1880 1473 1936 hirudinea,
1504 1889 1712 1924 tentacu-

53 1960 96 2005 la
131 1960 397 2020 longissima
447 1956 748 2020 (quibusdam
800 1959 1138 2020 02-12-01gyalia),
1193 1960 1376 2018 cupulis
1436 1961 1713 2003 veneniferis

53 2041 252 2095 munita,
290 2038 419 2083 valde
456 2039 756 2094 contractilia,
795 2039 979 2097 aliaque
1015 2040 1251 2098 graciliora
1288 2038 1711 2099 (bi¹a11chialia)(le-

55 2122 255 2167 mittens:
292 2143 353 2153 —-
391 2116 626 2178 Plyfsalm,
663 2117 928 2180 Aloplzocat')

267 2229 494 2290 Ordo
537 2230 616 2290 II.
660 2231 770 2289 En
794 2231 1179 2291 doclzond
1205 2257 1346 2292 rae
1388 2236 1532 2293 nob.

352 2338 570 2399 (Medusae
606 2339 982 2399 chondrophorae
1021 2345 1191 2401 Eysen
1206 2342 1273 2386 ha
1289 2341 1404 2405 rdt).

159 2438 407 2498 Acalephae
442 2440 622 2500 exiguae
658 2456 697 2484 v.
738 2442 1038 2501 li-pollicares,
1090 2453 1223 2488 motu
1269 2446 1467 2503 passivo?
1507 2445 1710 2505 gauden-

56 2528 135 2575 tes,
152 2519 233 2563 vix
252 2526 450 2562 urentes⁴
485 2522 614 2563 Testa
637 2521 834 2582 cartilag.
855 2539 895 2568 v.
919 2523 1133 2577 calcarea,
1160 2540 1184 2568 e
1204 2524 1375 2568 ccllulis
1409 2524 1624 2578 aeriferis,
1646 2540 1711 2568 ra·

58 2601 222 2644 diatim
259 2614 299 2642 v.
336 2601 564 2642 arcuatim
604 2600 838 2660 dispositis
892 2612 1179 2656 constructa,
1223 2604 1446 2664 depressa,
1486 2605 1712 2649 orbicula-

55 2683 114 2727 ris
150 2696 190 2724 v.
228 2679 534 2724 rhomboidea
580 2688 625 2725 et
658 2682 707 2725 in
746 2684 929 2728 cristam
981 2684 1274 2745 diagonalem
1332 2685 1516 2739 elevata,
1567 2684 1711 2728 rarius

55 2775 316 2820 compressa
353 2774 398 2803 v.
438 2759 734 2819 subglobosa,
758 2764 876 2808 intra
914 2764 1254 2820 membranam,
1276 2781 1384 2825 quae
1420 2766 1468 2807 in
1506 2763 1710 2809 limbum

55 2840 323 2886 crassiorem
357 2846 403 2883 et
439 2838 622 2882 discum
660 2841 866 2887 inferum
912 2858 1160 2889 carnosum
1198 2845 1478 2889 efformatur.
1515 2846 1709 2887 Hausto-

55 2924 119 2968 ria
159 2920 456 2967 tentacularia
494 2920 764 2980 prehensilia
801 2922 1050 2988 (tentacula
1086 2926 1239 2972 brevia
1278 2926 1492 2972 tubulosa
1527 2926 1709 2970 ostiola·

57 3001 134 3067 ta),
168 3000 484 3057 sublimbaria‚
519 3016 665 3060 pauca
702 3020 750 3048 v·
791 3005 1009 3064 plurima,
1044 3015 1088 3051 et
1133 3008 1347 3053 interiora
1388 3007 1580 3061 minora,
1616 3005 1708 3050 clo-
