1975 3343
306 412 673 458 REGNUM
720 402 1520 456 AMPHORGANICUM.

696 517 947 579 (Zoophyta
982 511 1132 575 noh).

201 630 398 685 Corpora
437 616 652 684 organica
690 622 904 681 plurima,
943 621 994 664 in
1030 634 1149 678 aqua
1190 618 1366 663 marina
1403 633 1447 662 v.
1493 615 1623 661 dulci
1659 615 1743 660 ori-

98 707 225 749 unda
260 721 302 749 v.
339 721 363 747 e
402 704 498 748 solo
533 703 735 747 humido
780 709 988 761 promta,
1029 701 1143 743 adeo
1187 698 1431 758 qualitates
1465 695 1742 741 animalium

98 794 144 830 et
179 786 371 844 plantar.
406 784 752 843 perfectiorum,
788 785 884 826 imo
928 779 1243 834 mineralium,
1286 778 1513 822 chemicas
1557 792 1597 821 v-
1634 775 1747 835 phy-

99 867 210 910 sicas
245 866 294 908 in
328 881 373 909 se
406 867 634 925 jungunt,
673 871 725 908 ut
768 862 1019 907 commode
1062 861 1111 903 in
1153 875 1352 920 regnum
1395 857 1747 908 intermedium,

99 944 279 989 facilius
314 944 633 999 limitandum,
669 945 773 1005 cogi
807 951 1009 1003 possent.
1047 942 1194 1001 Regni
1220 940 1362 1001 hujus
1396 937 1607 981 membra
1643 935 1748 979 sim-

99 1023 343 1083 plicissima
384 1023 554 1085 (Fungi
590 1033 636 1069 et
670 1025 796 1085 Algae
832 1020 1123 1084 microscop·)
1167 1020 1358 1063 nonnisi
1399 1017 1535 1062 ovula
1571 1016 1750 1060 anima-

98 1104 220 1149 lium
254 1121 292 1149 v-
330 1121 483 1165 sporas
519 1114 563 1149 et
601 1105 787 1164 pollinia
828 1104 1016 1164 plantar·
1054 1104 1236 1155 sistuut3
1278 1101 1329 1143 in
1374 1098 1520 1158 magis
1556 1110 1749 1154 compo-

101 1186 197 1230 sitis
232 1186 402 1230 thallus
438 1186 777 1247 polymorphus
812 1194 858 1229 et
892 1182 1221 1242 conceptacula
1266 1181 1389 1224 varia
1433 1179 1753 1238 effigurantur,

102 1281 209 1324 quae
246 1273 404 1309 tamen
442 1267 601 1310 omnia
638 1265 847 1310 antherae
885 1281 924 1314 c.
961 1266 1059 1325 ejus
1093 1261 1375 1313 connexim,
1396 1257 1639 1318 sporangio
1673 1262 1755 1300 aut

103 1346 210 1391 flori
242 1347 516 1406 plantarum
551 1363 588 1390 v.
627 1347 782 1391 ovario
818 1344 1113 1398 animalium,
1148 1350 1281 1387 utero
1307 1343 1500 1402 ejusque
1534 1337 1757 1399 ligamen·

106 1427 163 1470 tis
196 1443 248 1470 ac
285 1425 411 1472 ’tubis
445 1427 618 1486 Fallop.
646 1426 924 1486 aequiparari
943 1432 1155 1484 possunt,
1190 1422 1297 1467 licet
1321 1424 1522 1481 Sargassa
1561 1418 1757 1476 aliaeque

106 1506 222 1568 algae
252 1508 438 1573 [caulem
484 1508 683 1567 plantar.
736 1508 963 1560 foliatum,
1001 1522 1024 1548 e
1061 1513 1219 1550 contra
1277 1501 1553 1547 Eleutheriae
1588 1507 1632 1543 et
1667 1502 1758 1542 Me-

106 1589 234 1634 dusae
269 1590 483 1635 oculataei'
534 1606 586 1634 ac
624 1590 783 1651 polypi
838 1590 1178 1634 Flustrinorum
1212 1584 1428 1629 animalia
1478 1581 1758 1627 examussim

107 1669 337 1715 simulent.
380 1673 505 1724 Quid
549 1674 740 1727 mirum,
778 1672 814 1716 si
849 1671 1028 1719 oculus,
1082 1683 1179 1728 pl‘ae
1233 1667 1409 1710 caeteris
1444 1663 1628 1724 organis
1661 1675 1760 1704 sen-

109 1768 247 1797 suum
286 1753 598 1811 peculiaribus
633 1755 850 1798 animalia
889 1769 1077 1808 ornans,
1113 1761 1159 1797 et
1195 1751 1404 1811 inhujus
1439 1748 1589 1808 Regni
1621 1746 1759 1789 inter-

110 1831 249 1874 medii
284 1833 506 1876 membris
541 1835 699 1892 paucis
733 1835 1037 1895 enigmaticus
1059 1848 1101 1877 v.
1123 1832 1354 1892 perfectus
1390 1834 1607 1888 appareat
1628 1839 1761 1867 —ac

112 1921 270 1957 uterus
305 1929 414 1957 cum
453 1916 614 1975 vagina
654 1924 700 1960 et
736 1916 845 1960 tuba
892 1915 1062 1973 Fallop.
1100 1915 1151 1958 in
1197 1913 1368 1958 tubum
1405 1909 1630 1954 cibarium
1669 1921 1763 1964 per-

110 1995 242 2039 vium
279 1998 609 2055 Bl'yozoorum‚
645 1997 776 2042 variis
811 1996 1094 2040 diverticulis
1130 1992 1367 2053 provisum
1404 1997 1448 2033 et
1483 1994 1763 2032 coronatum

115 2074 414 2121 efformelurP
1235 2074 1237 2076 ’

218 2167 588 2228 Αω[)1ι()ι·ςειι]ἱι,·ει
628 2170 772 2229 igitur
810 2169 999 2212 nonnisi
1037 2166 1222 2221 urg-anis
1246 2160 1582 2223 reproductivis
1616 2157 1764 2202 excel-

117 2248 223 2292 lunt
257 2263 310 2292 ac
346 2265 510 2293 omnes
546 2250 890 2310 propagationis
923 2249 1086 2292 modos
1103 2248 1185 2292 sibi
1224 2245 1475 2289 vindicant:
1494 2238 1658 2299 Polypi
1673 2237 1767 2280 ovi-

114 2329 323 2386 Vivipari,
357 2330 432 2372 sed
469 2331 638 2389 saepius
674 2346 757 2389 per
792 2345 1012 2390 gemmas,
1030 2328 1227 2372 stolones
1265 2333 1309 2369 et
1344 2321 1626 2367 divisionem
1650 2316 1767 2362 mul-

115 2408 371 2467 tiplicandi.
444 2412 695 2455 Generatio
731 2411 966 2470 aequivoca
1021 2409 1112 2452 hoc
1163 2409 1212 2450 iu
1264 2419 1405 2465 regno
1450 2415 1647 2462 quoque
1684 2398 1767 2443 fre-

115 2493 430 2551 quentissima.
465 2493 788 2555 Spermocystce
827 2492 1118 2553 (antheridia‚
1173 2488 1388 2534 vesiculae
1424 2479 1682 2544 seminales)
1716 2482 1767 2526 in

116 2573 310 2632 Fungis?
360 2575 495 2635 Algis‚
533 2576 786 2637 Polypariis
828 2584 873 2620 ct
911 2573 1153 2632 Acalephis
1204 2570 1356 2615 obviae
1390 2568 1578 2614 nullum
1613 2561 1767 2608 analo-

115 2666 212 2711 gon
245 2649 300 2714 (P)
334 2654 385 2697 in
422 2654 602 2713 plantis·
628 2657 906 2716 polliniferis
941 2661 1218 2715 agnoscunt,
1268 2650 1348 2696 sed
1381 2649 1433 2693 in
1467 2641 1770 2706 Sporophoris

118 2731 343 2790 Pluribus,
377 2736 754 2797 Amphorganica
789 2734 1214 2796 praeforinantibus,
1247 2732 1564 2776 observantur.
1612 2726 1767 2781 Sporae

117 2813 265 2874 AJ-gaf·
302 2823 346 2859 et
382 2817 588 2878 Fungor.
609 2819 831 2877 plurium,
864 2817 1019 2862 ovulis
1038 2813 1331 2868 animalium,
1365 2806 1561 2855 vesicula
1585 2802 1769 2861 embry-

120 2893 248 2938 onali
282 2895 443 2940 saltem
481 2899 727 2955 destitutis,
767 2899 1036 2952 simillimae,
1073 2895 1209 2941 nobis
1253 2890 1396 2938 ovida
1429 2879 1770 2933 conformitatis

115 2976 261 3036 gralia
289 2964 514 3028 audiunt,
