1975 3343
877 245 940 249 —
1018 218 1111 259 0206
1185 246 1247 249 ψ-

335 347 503 391 Classes
540 347 567 388 lt
605 346 748 405 hujus
805 345 968 404 Regni:
1034 345 1194 403 Fungi,
1250 343 1389 403 Algae,
1434 345 1658 404 Polyparii
1698 355 1743 389 et,
1779 350 1885 390 Aca·

234 428 396 487 lephae,
427 442 508 486 per
545 426 753 470 membra
792 424 1061 483 amphotera
1098 423 1367 467 naturaliter
1397 425 1675 484 junguntur:
1712 426 1886 485 Fungis

232 516 276 552 et
309 507 431 567 Algis
466 504 751 566 Leptomitei,
787 505 911 565 Algis
947 512 989 548 et
1025 503 1280 563 Polypariis
1331 502 1544 563 Spongia?
1588 513 1663 547 etc·
1703 502 1883 548 Tricho-

216 587 712 648 phyta‘intercedunt,
748 586 977 646 Polyparii
1014 585 1209 643 quidam
1232 585 1542 643 exAcalephis
1560 593 1605 629 et
1640 586 1882 645 Acalephae

227 685 252 713 e
292 668 477 728 polypis
514 668 741 720 oriundae,
777 680 1013 710 summam
1065 665 1340 708 affinitatem
1385 672 1430 708 et
1481 664 1655 708 horum
1692 665 1880 709 demon·

227 759 390 797 strant.
432 749 596 809 polypi
645 748 801 807 plicati
855 745 1204 791 Anthozoorum
1261 746 1467 804 plurium
1524 747 1717 789 nonnisi
1760 747 1881 805 pileo

227 831 407 892 Agarici
459 829 727 887 resupinato
784 824 1108 885 comparandi,
1170 827 1324 884 stipite
1382 824 1532 889 (cavo)
1587 827 1638 869 in
1676 826 1881 870 cloacam

225 912 488 958 exsertilem
523 917 567 953 et
610 907 824 952 radiculis
859 909 905 952 in
947 906 1176 950 tentacula
1236 906 1511 950 evolvendis.
1550 907 1767 951 Mollusca
1806 914 1879 950 tu-

225 995 376 1038 nicata
412 1007 471 1035 an
511 988 727 1048 Bryozois
762 988 974 1031 affiniora
1012 988 1117 1032 sint,
1172 987 1384 1030 decidere
1429 988 1680 1031 adintcrim
1715 988 1878 1046 nequi-

222 1089 344 1125 mus,
387 1086 540 1131 quum
578 1077 744 1112 natura
784 1084 948 1112 eorum
986 1067 1125 1111 nobis
1170 1067 1382 1110 nondum
1422 1068 1622 1125 perfecte
1658 1068 1876 1112 innotuit.

323 1167 663 1231 'physiogmphi
713 1167 867 1209 studio
912 1166 1095 1224 speciali
1149 1180 1413 1222 corporum,
1469 1181 1575 1223 quae
1610 1165 1668 1208 ad
1704 1164 1876 1223 Amph·

219 1252 436 1314 organica
476 1247 736 1295 retulimus,
776 1247 922 1306 magis
958 1246 1143 1299 addicti,
1181 1245 1256 1287 vix
1293 1260 1391 1287 non
1417 1261 1580 1288 omnes
1617 1246 1673 1289 de
1710 1254 1874 1290 natura

219 1348 385 1379 eorum
422 1325 798 1390 vegeto-animali
834 1327 1103 1380 disseruere,
1139 1334 1183 1369 at
1226 1325 1433 1369 studium
1472 1326 1563 1369 hoc
1599 1341 1623 1368 a
1662 1325 1876 1383 plurimis

218 1415 500 1475 neglectum,
539 1409 729 1453 historia
750 1408 1034 1453 evolationis
1071 1409 1120 1451 in
1160 1409 1319 1467 paucis
1343 1410 1525 1469 cognita
1567 1417 1611 1453 ct
1646 1425 1875 1470 generum

217 1494 507 1540 adumbratio
544 1509 655 1554 vaga
699 1495 766 1534 tot
820 1490 1055 1536 obstacula
1103 1491 1271 1533 sistunt
1322 1490 1379 1532 ad
1411 1493 1583 1550 justam
1620 1505 1873 1549 corporum

216 1575 624 1636 amphorganicor.
666 1573 1086 1620 coordinationem,
1123 1570 1235 1612 hinc
1273 1574 1316 1613 et
1351 1576 1505 1614 nostra
1542 1572 1732 1614 nonnisi
1769 1585 1872 1630 pro-

215 1658 379 1703 visoria
414 1657 499 1700 erit
534 1661 576 1700 et
613 1670 740 1700 novo
777 1655 929 1715 egebit
966 1653 1188 1697 examine.

687 1803 950 1871 Classis
1000 1807 1060 1878 Ι.
1117 1803 1352 1889 Fungi
1371 1855 1390 1875 .

316 1949 515 2005 Corpora
553 1945 921 2006 amphorganica
956 1941 1218 2006 (Zoophyta
1271 1944 1420 2005 aerea)
1467 1958 1653 1987 summe
1691 1943 1869 1987 hetero-

212 2025 425 2084 morpha‚
465 2025 632 2069 coloris
670 2024 934 2079 omnivarii,
981 2023 1184 2077 adinstar
1236 2022 1520 2066 animalium
1571 2022 1725 2065 aerem
1763 2021 1869 2068 alte-

211 2106 358 2152 rantia
395 2110 440 2149 et
473 2111 663 2160 azotata,
700 2105 856 2165 amylo
895 2113 938 2150 et
971 2102 1298 2162 clilorophyllo
1346 2105 1540 2161 privata,
1565 2117 1734 2161 organa
1772 2116 1869 2146 om-

209 2188 286 2230 nia
323 2186 638 2245 utplurimum
676 2186 816 2230 simul
853 2185 1130 2239 evolventia,
1166 2189 1209 2227 ct
1245 2184 1425 2242 putrida
1465 2183 1660 2226 odorem
1697 2188 1866 2227 tetrum

208 2266 483 2326 spargentia,
518 2281 649 2309 more
689 2266 955 2325 plantarum
1011 2281 1097 2326 ope
1154 2265 1317 2311 radicis
1368 2265 1535 2322 spuriae
1573 2259 1865 2323 (mycelium)

207 2363 253 2394 v.
293 2363 411 2391 verae
448 2349 545 2392 solo
583 2350 733 2393 adfixa
773 2356 815 2394 et
852 2349 1046 2408 torpida,
1097 2348 1173 2390 sed
1234 2345 1454 2403 quaedam
1490 2349 1656 2402 sponte
1692 2348 1772 2386 aut
1807 2343 1866 2385 le·
1911 2392 1916 2396 ⁴

207 2424 391 2473 vissime
427 2429 596 2473 irritata
635 2444 806 2490 organa
865 2429 1072 2488 prolissca
1116 2426 1269 2470 subito
1320 2425 1627 2483 explodentia.
1664 2426 1866 2467 Nascun-

205 2515 281 2554 tur
317 2523 341 2550 e
376 2507 525 2551 humo
561 2525 600 2553 v.
636 2511 774 2554 variis
810 2510 1086 2568 corporibus
1132 2506 1374 2566 organicis,
1426 2505 1540 2547 vivis
1576 2520 1616 2547 v·
1657 2504 1865 2555 mortuis,

206 2603 248 2633 v.
282 2588 403 2632 intra
439 2590 759 2649 parenchyma
792 2589 1086 2651 *organicum
1126 2603 1150 2630 e
1187 2585 1564 2646 cytoblastemate
1615 2600 1663 2627 v.
1711 2583 1863 2643 gelina

206 2671 462 2730 stagnante,
497 2670 797 2727 generatione
834 2669 1073 2727 aequivoca
1110 2682 1154 2710 v.
1194 2683 1218 2710 e
1255 2666 1480 2710 conidiisP
1517 2681 1569 2708 ac
1606 2664 1755 2708 ovulis
1789 2679 1863 2707 ex·

207 2749 348 2815 ternis
384 2763 425 2791 v.
461 2748 574 2790 ascis
610 2747 893 2793 inclusiS·--
922 2747 1067 2792 Ovula
1109 2744 1290 2808 (sporae)
1328 2762 1351 2790 e
1389 2745 1594 2807 granulis
1614 2744 1778 2803 gelinae
1812 2757 1860 2786 v.

206 2828 605 2890 cytoblastematis,
642 2843 664 2870 e
703 2828 878 2872 cellulis
929 2826 1207 2872 terminalib.
1249 2840 1295 2869 v.
1350 2825 1579 2879 filialibus,
1617 2840 1640 2867 e
1676 2822 1862 2867 basidiis

205 2925 253 2954 v.
276 2910 398 2954 intra
423 2923 548 2953 ascos
584 2908 796 2962 oriunda,
836 2909 1006 2953 sistunt
1041 2906 1260 2951 vesiculas
1282 2906 1495 2966 globosas
1534 2921 1578 2949 v.
1618 2905 1862 2963 elongatas,

205 2989 579 3050 cytoblastemate
615 2987 863 3048 granuloso
901 2988 1059 3046 plenas
1095 3004 1135 3030 v-
1175 2987 1400 3031 nucleum
1419 2985 1777 3045 compactiorem
1816 2986 1860 3024 et
