1975 3343
884 221 1250 263 -Ωὕέυ-

235 347 388 390 cloaca
425 345 527 390 haec
563 346 700 390 ovula
735 360 926 407 quoque
962 354 1008 391 et
1041 354 1353 406 spermatozoa
1395 349 1666 393 transmittit
1701 346 1772 409 (Ρ),
1802 362 1889 391 nec

234 440 332 468 non
369 424 491 469 vices
525 425 688 480 cordis,
724 426 968 485 pulmonis
999 434 1045 470 et
1078 426 1237 470 vesicae
1273 427 1514 486 natatoriae
1549 427 1730 485 explere
1758 427 1889 472 ,vide-

235 513 326 558 tur‚
366 504 464 548 imo
509 505 833 552 habitaculum
876 508 1120 552 crustaceis
1173 507 1532 567 parasitantibus
1576 507 1750 566 praebet
1787 509 1888 569 (Po-

230 588 456 651 lyxenia).
515 589 755 642 Plurimae,
812 591 961 635 cloaca
1018 592 1249 636 destitutae
1289 607 1329 634 v,
1375 591 1449 634 illa
1498 590 1647 635 clausa
1688 590 1888 648 praeditae

232 684 413 712 vescam
453 669 664 725 fluidam,
714 670 1011 715 animalculis
1063 679 1403 732 praegnantem,
1449 687 1505 716 ex
1548 686 1668 730 aqua
1706 673 1886 714 marina

232 764 276 798 v,
313 750 596 795 animalibus
631 751 766 795 variis
810 751 1017 806 marinis,
1069 768 1156 810 ope.
1214 752 1560 796 tentaculorum
1598 750 1889 795 venenifero-

232 843 340 871 rum
378 829 647 887 toi-pemeus,
682 838 906 888 apparatu
941 830 1161 875 tubuloso
1198 821 1341 884 vario,
1376 832 1581 875 adinstar
1606 831 1827 882 *radicum
1852 844 1889 872 v.

232 907 514 953 hirudinum
551 918 739 969 sugunt,
776 910 915 970 chylo
952 910 1195 970 granuloso
1233 927 1310 970 per
1367 911 1556 955 tubulos
1601 911 1807 954 internos
1843 917 1889 953 et

232 988 444 1032 venulas?
478 989 537 1032 ad
573 990 729 1033 omnia
767 991 972 1048 corporis
1016 1006 1187 1050 organa
1234 990 1504 1034 deserendo.
1546 994 1697 1034 Motus
1732 989 1890 1032 alacris

234 1084 273 1112 v.
310 1070 464 1114 lentus
500 1071 732 1115 variarum
772 1070 1115 1130 Acalepharum
1159 1071 1415 1115 absolvitur
1453 1071 1575 1130 pileo
1613 1068 1890 1123 contractui,

233 1149 293 1193 ab
326 1165 449 1208 aqua
484 1152 664 1194 marina
718 1151 906 1206 irritam,
943 1152 992 1193 in
1032 1149 1159 1196 dulci
1215 1151 1352 1194 inerti
1391 1149 1461 1213 (*)‚
1503 1150 1706 1193 adinstar
1741 1147 1892 1191 cordis

233 1246 278 1279 v,
313 1231 432 1274 uteri
469 1233 765 1290 parturientis
799 1233 949 1276 activo
985 1239 1031 1275 ct
1067 1246 1238 1291 aquam
1277 1231 1600 1290 1)rot1·udente;
1636 1229 1688 1273 in
1725 1231 1892 1272 Cteno-

233 1311 392 1370 phoris
427 1311 626 1356 lamellae
663 1313 842 1374 exiguae
880 1313 1115 1356 vibrantes
1149 1327 1201 1355 ac
1238 1312 1470 1355 coloribus
1505 1311 1632 1354 iridis
1666 1309 1893 1364 ludentes,

233 1392 439 1436 adinstar
488 1394 723 1454 remigum
778 1402 998 1455 coaguut3
1054 1393 1309 1436 submersio
1362 1400 1408 1435 et
1449 1391 1643 1435 emersio
1678 1404 1765 1449 ope
1799 1404 1896 1432 am·

233 1474 473 1532 pullatum
508 1490 592 1533 per
626 1475 749 1519 vices
786 1475 1075 1534 turgentium
1109 1480 1155 1516 et
1189 1472 1543 1523 collabentium,
1592 1486 1680 1514 nec
1716 1484 1815 1513 non
1849 1484 1893 1512 a·

235 1553 291 1598 lis
328 1554 536 1599 demissis
570 1570 614 1599 v.
654 1556 816 1600 erectis
852 1555 1100 1614 perficitur3
1139 1553 1479 1596 locomotivitas
1523 1551 1748 1595 inertium
1784 1564 1894 1594 ven-

237 1644 285 1680 to
322 1644 368 1680 et
403 1636 544 1681 undis
579 1618 873 1681 secundatur.
911 1635 1286 1693 Multiplicantur
1328 1648 1409 1691 per
1444 1632 1603 1684 ovula‚
1643 1637 1893 1690 spermato·

236 1717 330 1762 zois
365 1725 410 1761 et
445 1718 495 1760 in
532 1733 653 1776 aqua
688 1717 848 1761 activis
884 1716 1184 1768 foecundata3
1220 1714 1383 1758 divisio
1418 1721 1464 1757 et
1500 1713 1759 1772 gemmatio
1795 1724 1894 1754 mo-

236 1797 297 1840 do
334 1797 475 1856 pullis
511 1798 709 1857 propria.

338 1893 498 1938 'Multis
535 1893 777 1951 Acalephis
812 1892 982 1936 noduh
1021 1890 1299 1952 marginales
1322 1891 1348 1933 8
1373 1888 1434 1949 (v.
1461 1887 1542 1951 ’16)
1568 1904 1678 1932 cum
1713 1887 1894 1948 puncto

236 1972 382 2015 rubro
420 1969 599 2035 (ocum)
636 1981 680 2016 et
716 1971 938 2031 crystallis
980 1970 1204 2025 calcareis,
1237 1969 1408 2029 aliique.
1447 1970 1613 2014 alterni
1648 1969 1894 2028 cupulares

314 2130 342 2176 ⁴)
369 2130 543 2176 Cyanaea
581 2129 816 2173 Lamus-clvii,
841 2127 940 2174 cujus
954 2128 1170 2174 exemplaria
1202 2127 1395 2175 permulta,
1409 2128 1535 2161 inertia
1560 2134 1596 2161 et
1623 2128 1698 2161 viva
1724 2127 1760 2161 in
1789 2128 1892 2173 mari,

240 2192 439 2225 Bononiam
466 2192 641 2239 alluente,
673 2190 762 2224 mihi
800 2190 982 2225 observare
1018 2190 1131 2233 licuit,
1169 2190 1207 2222 in
1246 2201 1340 2236 aqua
1366 2190 1515 2233 marina,
1546 2191 1638 2223 vitro
1663 2196 1829 2224 contenta
1855 2197 1890 2224 et

238 2264 331 2299 aqua
359 2251 458 2286 dulci
483 2252 615 2300 diluta,
643 2264 729 2286 mox
770 2252 945 2299 torpebat,
970 2252 1150 2286 mobilitas
1188 2252 1334 2285 interim
1361 2251 1433 2285 cito
1473 2257 1637 2284 restltuta
1662 2258 1737 2285 erat
1763 2251 1891 2285 et'len.

238 2314 376 2347 tissima
402 2326 466 2360 per
490 2313 599 2358 diem,
632 2326 821 2361 quousque
852 2313 1038 2347 observare
1077 2313 1193 2356 licuit,
1224 2311 1392 2354 durabat3
1418 2324 1499 2360 ergo
1537 2312 1699 2346 alacritas
1726 2319 1846 2346 motus
1871 2325 1892 2347 a

239 2374 318 2406 salis
345 2375 548 2419 quantitate
574 2374 760 2420 dependet,
786 2386 879 2420 aqua
911 2374 1010 2408 dulci
1036 2374 1157 2408 subito
1191 2371 1453 2406 anni11ilanda?.
1512 2371 1663 2406 Eaedem
1691 2372 1897 2419 Acalephae

239 2442 418 2480 mortuae,
446 2436 585 2469 lonoius
611 2443 811 2478 asservatae,
838 2434 986 2468 odorem
1014 2441 1147 2468 tetrum
1176 2434 1355 2479 pisciuum
1388 2439 1424 2466 et
1450 2431 1673 2478 Chenopodii
1707 2433 1896 2469 Vulvariae

508 2463 528 2483 n

239 2494 461 2542 spargebant.
488 2494 632 2530 Similia
659 2497 695 2529 in
723 2495 905 2541 Acalephis
933 2495 1040 2527 maris
1066 2493 1315 2527 mediterranei
1341 2492 1529 2535 observari,
1555 2492 1786 2526 Rhizostoma
1812 2505 1895 2529 vero

240 2557 359 2591 cultro
386 2557 531 2590 scissum
562 2558 615 2591 vix
654 2557 820 2591 sensibile
862 2556 1039 2602 apparuit.
1094 2555 1230 2600 Ocyroe'
1265 2554 1480 2599 (Metropsis)
1514 2554 1709 2587 maculata
1736 2555 1893 2603 Rangii

240 2626 361 2654 exacte
387 2626 529 2653 uterum
556 2619 704 2666 ejusque
730 2620 923 2668 ligamenta
951 2619 1023 2651 lata
1050 2621 1306 2663 repraesentat,
1333 2625 1517 2661 processus
1543 2615 1722 2649 subalares
1747 2614 1786 2649 15?
1812 2616 1894 2665 liga-

239 2687 360 2715 menta
371 2679 528 2714 rotunda
555 2682 663 2722 uteri,
688 2681 849 2714 maculae
863 2680 1057 2713 alarum—
1074 2678 1278 2712 ovariorum
1305 2677 1383 2711 loca
1409 2676 1656 2728 designant3in
1685 2676 1846 2724 Cydippe
1857 2678 1896 2713 li.

242 2754 335 2789 gam.
358 2741 430 2774 lata
457 2752 492 2774 c.
526 2752 671 2785 corpore
696 2740 1017 2782 confertumiuata,
1041 2738 1079 2771 in
1107 2736 1311 2771 Medusinis
1345 2737 1381 2770 in
1410 2737 1546 2783 pileum
1574 2736 1762 2771 efformata
1792 2744 1890 2775 sunt.

243 2805 306 2838 His
333 2803 529 2849 multisque
555 2801 632 2835 aliis
659 2801 759 2836 facile
797 2801 1017 2836 rectificatur
1053 2799 1274 2844 comparatio
1316 2797 1512 2844 Acalephae
1538 2809 1565 2831 c.
1591 2803 1779 2844 systemate
1819 2805 1892 2833 ute-

247 2866 337 2908 rino,
363 2875 472 2910 quam
502 2864 541 2897 iu
567 2865 716 2896 Tetract.
744 2871 906 2908 naturae,
934 2860 1040 2904 1815,
1067 2872 1141 2908 pag.
1169 2860 1226 2902 17,
1252 2859 1557 2901 annuntiavimus,
1585 2857 1886 2905 prolificationem

242 2925 436 2959 insolitam.
465 2923 624 2958 Aureliae
646 2928 683 2956 et
709 2921 870 2967 Cyaneae
896 2922 1030 2957 ibidem
1059 2926 1287 2967 exponentes.
1336 2918 1421 2953 Vid.
1453 2925 1490 2953 et
1514 2917 1750 2966 Dujardin,
1777 2921 1886 2957 Melm.

243 2998 302 3020 sur
329 2986 359 3020 le
385 2984 609 3031 dei-elopem.
644 2982 705 3017 des
730 2982 891 3017 Meduses
917 2990 997 3027 etc„
1026 2982 1063 3016 in
1092 2983 1184 3016 Anu.
1210 2982 1262 3015 Sc.
1291 2986 1406 3014 natur.
1434 2979 1539 3014 1845.
1565 2978 1735 3014 Novemb.
