1975 3343
902 204 1240 251 ...cM-

309 337 356 383 F.
392 339 440 382 A.
475 337 528 379 G.
566 325 807 392 Miquel,
842 332 1176 394 Monographia
1191 331 1519 392 Cycadearum,
1557 324 1895 377 181102.Ge1·1e1⁴a

241 426 290 463 et
322 432 440 476 spec.
477 414 715 474 Cycadear.
767 415 1031 460 viventium
1066 440 1128 447 —-
1167 421 1214 457 et
1253 412 1370 456 iiber
1405 412 1498 455 den
1539 415 1633 457 Bau
1669 413 1795 458 eines
1829 422 1896 457 er-

240 497 521 543 wachsenen
545 497 774 539 Stammes
808 510 849 541 v.
885 498 1025 555 Cycas
1062 493 1290 539 circinalis
1325 494 1377 537 in
1414 493 1630 549 Linnaea,
1669 494 1798 537 18123
1819 520 1834 528 -
1855 495 1897 537 ὶι.

240 578 591 623 Observationes
626 574 683 619 de
722 576 862 622 ovulo
897 583 942 620 et
977 574 1313 635 embryonibus
1344 575 1615 634 Cycadear.,
1653 574 1794 618 18125.

342 661 388 702 C.
444 661 493 703 A.
528 662 716 719 Meyer
737 692 749 713 ,
818 657 1020 702 Versuch
1092 656 1222 700 einer
1279 655 1618 716 Monographie
1678 655 1722 699 d.
1775 656 1896 699 Gatt.

240 738 468 797 Ephedra,
506 740 648 783 18216.

341 818 429 862 Ad.
471 817 845 879 Brongniart,
888 817 1144 861 Prodrome
1179 817 1326 860 d'une
1363 814 1552 859 histoire
1587 815 1644 859 de
1671 816 1899 876 vegetaux

239 896 424 953 fossiles,
460 899 603 943 1898.
640 925 708 931 —
746 897 1076 942 Observations
1109 911 1187 940 sur
1220 895 1262 939 la
1298 902 1524 940 structure
1562 896 1695 939 inter.
1731 896 1797 940 du
1834 896 1898 939 Si-

237 975 411 1038 gillaria
447 977 629 1039 elegans
664 987 749 1023 etc·
790 977 920 1023 1839
956 1004 1022 1010 —
1056 976 1231 1035 aliique
1267 974 1595 1035 Paleontologi.

629 1135 823 1198 Ordo
901 1137 963 1197 I.
1053 1127 1506 1215 Pinopalmae.

338 1278 667 1325 Strobilanthae
703 1279 1038 1339 palmiformes,
1072 1275 1321 1337 amylaceae
1355 1284 1402 1321 et
1436 1276 1742 1338 gummiferae.

515 1431 517 1433 ’
589 1431 716 1459 ΒΑΜ.
756 1424 813 1459 54.
850 1429 1174 1459 zAmlAcEAE
1201 1435 1226 1457 s.
1253 1428 1479 1457 (JYCADEAE.

342 1527 551 1586 Tropicae
588 1536 629 1575 <
655 1559 668 1580 ,
719 1523 901 1569 caudice
934 1524 1254 1568 arborescente
1273 1539 1312 1566 v.
1333 1522 1901 1581 contracto-bulbiformi,

237 1608 462 1669 acrobryo
499 1614 547 1651 et
582 1605 866 1665 peripherice
903 1604 1129 1648 continuo
1164 1603 1481 1657 incrassandO,
1534 1602 1785 1648 rhizomate
1836 1604 1900 1649 al-

238 1688 424 1733 bicante
442 1687 521 1731 vix
556 1701 754 1740 ramoso,
788 1684 1009 1728 rhizoniis
1042 1683 1210 1742 passim
1229 1682 1462 1726 tuberosis.
1500 1682 1725 1727 Fasciculi
1755 1683 1899 1744 lignei

239 1785 264 1813 e
301 1768 476 1814 tubulis
510 1766 970 1827 prosenchymaticis,
1006 1765 1183 1823 porosis
1225 1778 1265 1807 V.
1303 1763 1735 1822 peroso-reticulatis
1760 1760 1900 1828 (vasa)

239 1856 532 1904 constantes,
583 1847 719 1891 radiis
770 1845 1103 1890 medullaribus
1137 1859 1283 1888 —1-—
1319 1844 1475 1888 crassis
1516 1844 1735 1903 disjuncti
1770 1860 1811 1889 v.
1847 1846 1899 1889 in

238 1928 510 1989 cylindrum
563 1926 824 1986 simplicem
860 1942 900 1970 v.
938 1923 1377 1984 polystromaticum
1421 1923 1642 1979 conferti3
1693 1924 1899 1970 medulla

237 2009 474 2071 amylacea
509 2008 679 2068 ampla,
724 2023 826 2051 raro
864 2005 1084 2058 fibrifera3
1125 2012 1284 2048 cortex
1321 2019 1493 2049 crassus
1527 2004 1901 2064 parenchymati-

238 2106 319 2135 cus
377 2088 622 2151 (medullae
657 2086 902 2133 subsimilis
939 2094 986 2130 et
1029 2083 1307 2146 gummifer)
1361 2084 1582 2129 funiculis
1626 2084 1820 2146 ligneis,
1872 2101 1898 2130 a

237 2170 358 2214 foliis
392 2168 782 2214 descendentibus
805 2168 927 2212 varie
967 2173 1202 2225 pertextus
1237 2173 1281 2209 et
1317 2172 1456 2208 strato
1475 2165 1660 2208 interno
1680 2165 1899 2209 distincto

239 2246 374 2312 (libro
387 2247 422 2308 P)
461 2257 653 2304 auctus,
701 2248 960 2307 periderma
998 2262 1022 2290 e
1057 2244 1265 2291 bassibus
1301 2244 1522 2288 foliorum
1548 2251 1594 2287 et
1618 2243 1899 2301 perularum.

238 2327 373 2374 Folia
408 2325 627 2390 (frondes)
663 2327 949 2381 coronantia,
986 2325 1204 2385 perulata,
1238 2338 1394 2368 annua
1421 2339 1464 2367 v.
1496 2323 1701 2378 biennia,
1736 2324 1900 2382 pinna-

239 2409 410 2464 tisecta,
445 2407 573 2451 rachi
608 2415 653 2451 et
689 2407 936 2468 segmentis
971 2404 1165 2448 novellis
1198 2403 1370 2462 pas‘sim
1386 2403 1660 2446 tomentosis
1692 2410 1739 2446 et
1773 2404 1901 2447 circi-

239 2490 359 2535 natis
396 2504 435 2532 ν.
470 2488 735 2532 imbricatis.
784 2485 943 2532 Flores
977 2484 1148 2538 dioeci,
1184 2483 1321 2535 nudi,
1349 2483 1630 2527 terminales:
1684 2481 1901 2527 Stamina

240 2571 473 2624 maxima,
526 2568 870 2627 monadelpha,
905 2565 1087 2611 novella
1124 2563 1517 2607 conferruminata
1555 2564 1604 2606 in
1642 2561 1903 2619 Strobilum,

239 2651 364 2696 lente
404 2650 756 2703 increscentem,
792 2649 985 2692 tandem
1019 2644 1361 2698 dehiscentem,
1395 2644 1675 2703 quibusdam
1712 2643 1900 2702 bipeda·

240 2731 356 2786 lem,
393 2729 602 2774 antherae
619 2742 802 2789 grossae,
838 2727 1099 2772 connexivo
1119 2724 1443 2784 squamiformi
1464 2741 1504 2768 v.
1524 2724 1711 2783 peltato,
1738 2724 1900 2768 subtus

239 2813 404 2859 loculis
426 2811 824 2866 numerosissimis,
858 2808 1128 2871 seggregatis
1162 2822 1201 2851 v.
1221 2821 1302 2865 per
1319 2807 1459 2865 paria,
1493 2807 1576 2850 tria
1593 2814 1674 2851 aut
1698 2806 1726 2848 l}
1745 2820 1899 2866 aggre-

241 2895 373 2954 gatis,
407 2892 564 2938 bifidis
600 2899 646 2935 et
681 2891 851 2949 passim
885 2891 936 2933 in
972 2903 1096 2933 areas
1130 2886 1267 2931 binas
1303 2886 1514 2941 collectiS,
1551 2894 1751 2942 onusto;
1803 2885 1900 2945 pol-

241 2973 353 3018 linia
392 2972 671 3034 ellipsoidea,
706 2970 886 3015 fasciata
905 3003 918 3025 ,
971 2968 1170 3029 hyalina.
1225 2964 1406 3012 Ovaria
1449 2966 1716 3028 phylloidea
1768 2964 1897 3030 (car-
