1975 3343
724 227 1092 270 *9025*

73 347 225 390 menis
260 347 454 391 curiosis
487 349 543 392 de
591 350 877 405 Oscillarieis,
921 355 1207 412 Zygnerneis,
1263 354 1584 409 Ulothiicheis,
1638 357 1728 414 Hy-

76 427 399 487 drodictyone,
436 431 764 486 Protococceis,
800 432 1051 486 Nostoceis,
1087 432 1259 492 ‘Achlya
1298 435 1491 494 aliisque
1520 439 1617 496 jam
1649 452 1729 480 no·

75 507 144 562 tis,
179 508 508 568 subjungenda
542 518 694 553 erunt.

177 591 356 632 Genera
393 604 419 632 a
459 589 708 648 Kiitzingio
744 590 937 648 aliisque
974 590 1208 652 Algologis
1243 595 1452 651 stabilita,
1490 597 1620 656 plura
1657 614 1728 644 su-

74 670 248 727 perflua
289 685 330 718 v.
366 670 580 712 inexacte
616 669 858 719 delineata,
899 687 985 715 nec
1021 687 1151 716 more
1199 674 1463 731 plantarum
1501 678 1633 722 facile
1668 679 1728 724 ab

74 750 258 809 organis
310 749 677 793 fructificationis
731 751 1074 807 vacillantibus,
1128 755 1469 816 microscopicis
1518 761 1729 817 petenda,

74 831 154 874 sed
188 829 595 889 investigationem
631 831 967 890 histologicam,
1022 834 1421 895 morphologicam
1465 847 1509 882 et
1556 840 1727 884 chemi-

74 926 176 954 cam
215 909 340 970 Algae
378 910 517 954 totius
553 911 847 968 postulantia,
888 927 1014 954 novo
1051 923 1190 972 egent
1224 918 1454 972 examine,
1487 919 1646 964 habito
1666 938 1728 965 re-

73 999 232 1050 spectu
267 991 326 1034 ad
362 1003 597 1034 summam
633 992 1002 1035 alterabilitatem
1036 1001 1129 1036 tam
1168 995 1329 1040 formae
1365 989 1565 1044 externae
1584 1017 1727 1059 quam

73 1072 430 1132 organisationis
484 1074 681 1116 internae
725 1072 957 1132 Algarum.
1014 1075 1312 1119 Tentavimus
1366 1079 1415 1120 in
1460 1082 1728 1141 Tell-actyde

75 1167 247 1196 novam
286 1167 515 1213 generum
552 1153 978 1202 coordinationem,
1030 1155 1108 1196 sed
1163 1157 1315 1198 studio
1365 1158 1583 1218 Algarum
1626 1177 1728 1219 pro-

74 1240 220 1276 tracto
257 1241 301 1276 et
337 1248 463 1277 novo
499 1248 659 1276 earum
696 1234 912 1276 examine
950 1234 1117 1288 edocti,
1146 1236 1291 1294 magis
1326 1239 1584 1283 naturalem
1603 1257 1729 1284 coor-

75 1313 364 1356 dinationem
402 1313 678 1366 curavimus,
713 1329 797 1356 nec
837 1313 1087 1371 perfectam
1132 1317 1431 1368 censendam,
1473 1327 1726 1379 antequam

73 1409 299 1455 generum
337 1402 380 1437 et
415 1394 677 1452 specierum
715 1393 924 1451 plurium
962 1395 1357 1453 metamorphoses
1392 1400 1647 1444 essentiales
1684 1409 1728 1445 et

70 1474 377 1519 accidentales
447 1475 589 1533 probe
653 1475 852 1534 cognitae
906 1474 1094 1523 fuerint.
1154 1477 1308 1520 Liceat
1353 1478 1602 1524 adinterim
1655 1481 1727 1525 Al-

70 1574 236 1618 garum
284 1573 464 1619 genera,
514 1559 563 1601 in
620 1567 854 1616 posterum
910 1559 1117 1601 exactius
1167 1560 1447 1616 delinienda,
1502 1565 1729 1609 ommissis

71 1639 239 1693 dubiis,
274 1639 324 1681 in
361 1638 586 1682 sectiones
622 1639 749 1692 duas,
783 1638 969 1681 ordines
1007 1640 1031 1681 7
1074 1647 1119 1682 et
1155 1640 1352 1685 familias
1389 1643 1446 1686 ⁶25
1485 1644 1728 1703 disponere

73 1719 217 1761 modo
253 1718 480 1777 sequenti.

174 1799 324 1842 Sectio
345 1802 377 1840 Ι.
413 1813 727 1843 lsoGoNIAE
781 1800 889 1844 nob.
926 1801 1091 1845 Gelina
1130 1802 1272 1846 effusa
1322 1819 1364 1846 v.
1409 1805 1618 1864 figurata,
1653 1823 1729 1850 co-

74 1879 199 1937 piosa
237 1894 284 1921 v.
324 1893 472 1936 parca3
509 1878 606 1921 aliis
642 1878 809 1924 thallus
846 1881 982 1925 filaris
1020 1897 1063 1926 v.
1123 1883 1371 1939 laminaris,
1409 1887 1559 1930 virens
1595 1903 1632 1931 v.
1669 1890 1730 1932 al-

74 1957 292 2002 lochrous
369 1957 515 2001 Ovula
555 1972 682 2001 4-—
720 1960 956 2015 distincta,
1011 1964 1366 2023 monomorpha.
1421 1968 1649 2019 Quaedam
1703 1985 1727 2013 e

73 2037 234 2081 cellula
272 2037 466 2080 s‹›lit;=rin
506 2037 814 2096 polymorpha
861 2048 1093 2084 constant.
1140 2045 1404 2088 Nascuntur
1450 2045 1727 2109 plerumque

74 2131 98 2160 e
134 2115 232 2159 solo
269 2115 470 2159 humido
508 2131 553 2163 v.
596 2116 645 2158 in
684 2133 805 2175 aqua
842 2119 986 2165 dulci.

462 2214 684 2275 Ordo
726 2216 772 2275 I.
825 2219 1376 2279 Diatomales

603 2321 948 2384 (Mincrozoidia
987 2324 1190 2387 Pcrty).

173 2417 299 2478 Algae
353 2417 710 2475 microscopicae,
768 2418 1238 2480 agrio—halohydricae,
1286 2424 1491 2471 sistentes
1544 2429 1727 2475 cellulas

73 2500 404 2563 polymorphas
461 2502 738 2559 (individua,
793 2504 1080 2561 corpuscula,
1138 2505 1361 2570 frustula),
1406 2510 1624 2556 solitarias
1676 2530 1721 2558 v.

73 2587 362 2644 conjunctas,
397 2582 564 2642 gelimae
618 2583 786 2627 inditas
830 2593 876 2627 et
920 2586 1156 2630 conservas
1192 2603 1231 2631 v.
1275 2589 1402 2634 ulvas
1429 2592 1725 2649 aemulantes,

72 2668 152 2722 per
187 2661 615 2719 deduplicationem
655 2670 699 2706 et
743 2664 1158 2722 reduplicationem
1216 2669 1605 2728 multiplicandas,
1660 2675 1724 2717 vi-

71 2751 223 2787 rentes
259 2756 298 2784 v.
331 2740 595 2794 allochroas,
630 2743 797 2800 saepius
835 2752 942 2787 testa
988 2745 1137 2789 silicea
1197 2751 1408 2806 praeditas
1443 2760 1486 2794 et
1522 2755 1725 2813 gonidiis

58 2815 310 2874 ⁴vviridil)us,
346 2818 472 2863 ssavis
507 2835 551 2862 v.
608 2821 746 2865 fuscis
780 2838 831 2866 ac
882 2824 1076 2883 guttulis
1126 2826 1285 2872 olcosis
1337 2830 1504 2889 plenas.
1542 2833 1724 2879 Cellulae

72 2901 147 2959 11ae
182 2898 260 2961 (an
297 2899 455 2958 potius
492 2899 665 2960 ovulaP)
704 2901 902 2946 sormam
946 2903 1231 2963 sphaericam,
1285 2910 1610 2969 ellipsoideam,
1646 2914 1723 2958 he-

71 2980 359 3043 xagonalem,
395 2980 804 3040 eymbae,lunulae,
840 2983 944 3035 fusi,
985 2988 1140 3040 cunei,
1180 2992 1444 3049 pyramidis,
1483 2993 1593 3038 cubi
1632 3011 1726 3039 rec-

1452 3078 1512 3119 <29
