<?xml version="1.0" encoding="UTF-8"?>
<!DOCTYPE html PUBLIC "-//W3C//DTD XHTML 1.0 Transitional//EN"
    "http://www.w3.org/TR/xhtml1/DTD/xhtml1-transitional.dtd">
<html xmlns="http://www.w3.org/1999/xhtml" xml:lang="en" lang="en">
 <head>
  <title>
</title>
<meta http-equiv="Content-Type" content="text/html;charset=utf-8" />
  <meta name='ocr-system' content='tesseract 3.04.00' />
  <meta name='ocr-capabilities' content='ocr_page ocr_carea ocr_par ocr_line ocrx_word'/>
</head>
<body>
  <div class='ocr_page' id='page_1' title='image "./characteresessen00gori_0284.png"; bbox 0 0 1975 3343; ppageno 0'>
   <div class='ocr_carea' id='block_1_1' title="bbox 886 161 1254 204">
    <p class='ocr_par' dir='ltr' id='par_1_1' title="bbox 886 161 1254 204">
     <span class='ocr_line' id='line_1_1' title="bbox 886 161 1254 204; baseline 0 0"><span class='ocrx_word' id='word_1_1' title='bbox 886 161 1254 204; x_wconf 72' lang='lat'>——0268—</span> 
     </span>
    </p>
   </div>
   <div class='ocr_carea' id='block_1_2' title="bbox 242 284 1898 895">
    <p class='ocr_par' dir='ltr' id='par_1_2' title="bbox 242 284 1898 895">
     <span class='ocr_line' id='line_1_2' title="bbox 342 284 1891 348; baseline -0.001 -16"><span class='ocrx_word' id='word_1_2' title='bbox 342 287 626 347; x_wconf 62' lang='lat' dir='ltr'>Sssiriductus</span> <span class='ocrx_word' id='word_1_3' title='bbox 661 285 779 348; x_wconf 83' lang='lat' dir='ltr'>(vasa</span> <span class='ocrx_word' id='word_1_4' title='bbox 819 284 1017 348; x_wconf 77' lang='lat' dir='ltr'>spiralia)</span> <span class='ocrx_word' id='word_1_5' title='bbox 1052 288 1183 338; x_wconf 82' lang='lat' dir='ltr'>varii,</span> <span class='ocrx_word' id='word_1_6' title='bbox 1214 288 1479 346; x_wconf 80' lang='lat' dir='ltr'>plantarum</span> <span class='ocrx_word' id='word_1_7' title='bbox 1513 290 1787 333; x_wconf 71' lang='lat' dir='ltr'>attributum</span> <span class='ocrx_word' id='word_1_8' title='bbox 1817 303 1891 346; x_wconf 88' lang='lat' dir='ltr'>pe-</span> 
     </span>
     <span class='ocr_line' id='line_1_3' title="bbox 242 365 1894 430; baseline -0.001 -17"><span class='ocrx_word' id='word_1_9' title='bbox 242 368 428 423; x_wconf 84' lang='lat' dir='ltr'>culiare,</span> <span class='ocrx_word' id='word_1_10' title='bbox 463 384 488 411; x_wconf 85' lang='lat' dir='ltr'>e</span> <span class='ocrx_word' id='word_1_11' title='bbox 523 376 655 427; x_wconf 79' lang='lat' dir='ltr'>parte</span> <span class='ocrx_word' id='word_1_12' title='bbox 688 384 828 413; x_wconf 90' lang='lat' dir='ltr'>succo</span> <span class='ocrx_word' id='word_1_13' title='bbox 865 369 1010 422; x_wconf 82' lang='lat' dir='ltr'>crudo</span> <span class='ocrx_word' id='word_1_14' title='bbox 1045 369 1299 412; x_wconf 85' lang='lat' dir='ltr'>deferendo</span> <span class='ocrx_word' id='word_1_15' title='bbox 1338 368 1640 413; x_wconf 76' lang='lat' dir='ltr'><strong>inservientes</strong></span> <span class='ocrx_word' id='word_1_16' title='bbox 1675 365 1746 430; x_wconf 67' lang='lat'><strong>(2¹),</strong></span> <span class='ocrx_word' id='word_1_17' title='bbox 1782 376 1894 413; x_wconf 86' lang='lat' dir='ltr'>sunt</span> 
     </span>
     <span class='ocr_line' id='line_1_4' title="bbox 244 447 1894 509; baseline 0.001 -18"><span class='ocrx_word' id='word_1_18' title='bbox 244 447 474 492; x_wconf 74' lang='lat' dir='ltr'>catenulae</span> <span class='ocrx_word' id='word_1_19' title='bbox 512 449 799 504; x_wconf 74' lang='lat' dir='ltr'>cellularum,</span> <span class='ocrx_word' id='word_1_20' title='bbox 836 450 1078 509; x_wconf 87' lang='lat' dir='ltr'>morphosi</span> <span class='ocrx_word' id='word_1_21' title='bbox 1116 450 1330 508; x_wconf 79' lang='lat' dir='ltr'>specifica</span> <span class='ocrx_word' id='word_1_22' title='bbox 1376 448 1428 492; x_wconf 88' lang='lat' dir='ltr'>in</span> <span class='ocrx_word' id='word_1_23' title='bbox 1465 448 1654 492; x_wconf 87' lang='lat' dir='ltr'>tubulos</span> <span class='ocrx_word' id='word_1_24' title='bbox 1689 449 1894 508; x_wconf 85' lang='lat' dir='ltr'>longissi-</span> 
     </span>
     <span class='ocr_line' id='line_1_5' title="bbox 245 527 1896 591; baseline 0.001 -20"><span class='ocrx_word' id='word_1_25' title='bbox 245 543 348 572; x_wconf 91' lang='lat' dir='ltr'>mos</span> <span class='ocrx_word' id='word_1_26' title='bbox 384 527 426 590; x_wconf 85' lang='lat' dir='ltr'>(a</span> <span class='ocrx_word' id='word_1_27' title='bbox 464 529 615 573; x_wconf 80' lang='lat' dir='ltr'>radice</span> <span class='ocrx_word' id='word_1_28' title='bbox 650 530 709 573; x_wconf 85' lang='lat' dir='ltr'>ad</span> <span class='ocrx_word' id='word_1_29' title='bbox 746 545 902 589; x_wconf 86' lang='lat' dir='ltr'>cymas</span> <span class='ocrx_word' id='word_1_30' title='bbox 929 530 1152 574; x_wconf 87' lang='lat' dir='ltr'>arborum</span> <span class='ocrx_word' id='word_1_31' title='bbox 1187 527 1221 591; x_wconf 68' lang='lat'>2³)</span> <span class='ocrx_word' id='word_1_32' title='bbox 1259 538 1470 574; x_wconf 77' lang='lat' dir='ltr'>extensae.</span> <span class='ocrx_word' id='word_1_33' title='bbox 1507 532 1565 573; x_wconf 93' lang='lat' dir='ltr'>In</span> <span class='ocrx_word' id='word_1_34' title='bbox 1601 529 1896 588; x_wconf 81' lang='lat' dir='ltr'>Protophytis</span> 
     </span>
     <span class='ocr_line' id='line_1_6' title="bbox 245 609 1896 668; baseline 0 -16"><span class='ocrx_word' id='word_1_35' title='bbox 245 609 406 667; x_wconf 85' lang='lat' dir='ltr'>paucis</span> <span class='ocrx_word' id='word_1_36' title='bbox 441 609 521 653; x_wconf 81' lang='lat' dir='ltr'>vix</span> <span class='ocrx_word' id='word_1_37' title='bbox 556 610 823 654; x_wconf 84' lang='lat' dir='ltr'>rudimenta</span> <span class='ocrx_word' id='word_1_38' title='bbox 860 625 1025 654; x_wconf 87' lang='lat' dir='ltr'>eorum</span> <span class='ocrx_word' id='word_1_39' title='bbox 1070 610 1388 664; x_wconf 80' lang='lat' dir='ltr'>observantur3</span> <span class='ocrx_word' id='word_1_40' title='bbox 1423 610 1652 656; x_wconf 85' lang='lat' dir='ltr'>deficiunt</span> <span class='ocrx_word' id='word_1_41' title='bbox 1687 610 1896 668; x_wconf 83' lang='lat' dir='ltr'>quando-</span> 
     </span>
     <span class='ocr_line' id='line_1_7' title="bbox 247 686 1896 750; baseline 0 -18"><span class='ocrx_word' id='word_1_42' title='bbox 247 703 339 747; x_wconf 85' lang='lat' dir='ltr'>que</span> <span class='ocrx_word' id='word_1_43' title='bbox 378 696 423 733; x_wconf 89' lang='lat' dir='ltr'>et</span> <span class='ocrx_word' id='word_1_44' title='bbox 457 688 558 733; x_wconf 77' lang='lat' dir='ltr'>aliis</span> <span class='ocrx_word' id='word_1_45' title='bbox 597 689 768 748; x_wconf 84' lang='lat' dir='ltr'>plantis</span> <span class='ocrx_word' id='word_1_46' title='bbox 820 686 1166 750; x_wconf 83' lang='lat' dir='ltr'>(Ceratophyllo</span> <span class='ocrx_word' id='word_1_47' title='bbox 1200 690 1345 750; x_wconf 82' lang='lat' dir='ltr'>caet.),</span> <span class='ocrx_word' id='word_1_48' title='bbox 1380 690 1536 734; x_wconf 83' lang='lat' dir='ltr'>officio</span> <span class='ocrx_word' id='word_1_49' title='bbox 1574 704 1739 736; x_wconf 86' lang='lat' dir='ltr'>eorum</span> <span class='ocrx_word' id='word_1_50' title='bbox 1775 705 1896 748; x_wconf 83' lang='lat' dir='ltr'>pros.-</span> 
     </span>
     <span class='ocr_line' id='line_1_8' title="bbox 246 768 1898 830; baseline 0 -17"><span class='ocrx_word' id='word_1_51' title='bbox 246 769 547 830; x_wconf 77' lang='lat' dir='ltr'>enchymatiP</span> <span class='ocrx_word' id='word_1_52' title='bbox 598 770 839 830; x_wconf 83' lang='lat' dir='ltr'>imposito,</span> <span class='ocrx_word' id='word_1_53' title='bbox 881 769 935 814; x_wconf 85' lang='lat' dir='ltr'>ni</span> <span class='ocrx_word' id='word_1_54' title='bbox 986 770 1142 813; x_wconf 85' lang='lat' dir='ltr'>omnis</span> <span class='ocrx_word' id='word_1_55' title='bbox 1194 770 1480 814; x_wconf 88' lang='lat' dir='ltr'>endosmosis</span> <span class='ocrx_word' id='word_1_56' title='bbox 1532 768 1898 829; x_wconf 82' lang='lat' dir='ltr'>parenchymate</span> 
     </span>
     <span class='ocr_line' id='line_1_9' title="bbox 244 849 529 895; baseline 0.007 -2"><span class='ocrx_word' id='word_1_57' title='bbox 244 849 529 895; x_wconf 81' lang='lat' dir='ltr'>absolvatur.</span> 
     </span>
    </p>
   </div>
   <div class='ocr_carea' id='block_1_3' title="bbox 244 942 1902 1391">
    <p class='ocr_par' dir='ltr' id='par_1_3' title="bbox 244 942 1902 1391">
     <span class='ocr_line' id='line_1_10' title="bbox 346 942 1901 1003; baseline 0 -18"><span class='ocrx_word' id='word_1_58' title='bbox 346 945 474 987; x_wconf 82' lang='lat' dir='ltr'>Intra</span> <span class='ocrx_word' id='word_1_59' title='bbox 510 951 708 1003; x_wconf 79' lang='lat' dir='ltr'>cytema,</span> <span class='ocrx_word' id='word_1_60' title='bbox 752 944 1006 1003; x_wconf 78' lang='lat' dir='ltr'>praesertim</span> <span class='ocrx_word' id='word_1_61' title='bbox 1049 942 1211 1000; x_wconf 81' lang='lat' dir='ltr'>laxius,</span> <span class='ocrx_word' id='word_1_62' title='bbox 1263 951 1458 988; x_wconf 83' lang='lat' dir='ltr'>manent</span> <span class='ocrx_word' id='word_1_63' title='bbox 1494 951 1674 988; x_wconf 84' lang='lat' dir='ltr'>meatus</span> <span class='ocrx_word' id='word_1_64' title='bbox 1709 942 1901 986; x_wconf 87' lang='lat' dir='ltr'>minimi</span> 
     </span>
     <span class='ocr_line' id='line_1_11' title="bbox 245 1021 1900 1085; baseline 0.002 -21"><span class='ocrx_word' id='word_1_65' title='bbox 245 1035 285 1065; x_wconf 81' lang='lat' dir='ltr'>v.</span> <span class='ocrx_word' id='word_1_66' title='bbox 320 1021 500 1067; x_wconf 81' lang='lat' dir='ltr'>lacunae</span> <span class='ocrx_word' id='word_1_67' title='bbox 535 1025 739 1085; x_wconf 84' lang='lat' dir='ltr'>maj0res,</span> <span class='ocrx_word' id='word_1_68' title='bbox 774 1024 943 1080; x_wconf 69' lang='lat' dir='ltr'>aerem,</span> <span class='ocrx_word' id='word_1_69' title='bbox 979 1023 1185 1085; x_wconf 82' lang='lat' dir='ltr'>gelinam</span> <span class='ocrx_word' id='word_1_70' title='bbox 1220 1039 1266 1069; x_wconf 88' lang='lat' dir='ltr'>v.</span> <span class='ocrx_word' id='word_1_71' title='bbox 1307 1039 1468 1068; x_wconf 87' lang='lat' dir='ltr'>succos</span> <span class='ocrx_word' id='word_1_72' title='bbox 1505 1023 1772 1082; x_wconf 85' lang='lat' dir='ltr'>plantarum</span> <span class='ocrx_word' id='word_1_73' title='bbox 1799 1037 1900 1082; x_wconf 84' lang='lat' dir='ltr'>pro·</span> 
     </span>
     <span class='ocr_line' id='line_1_12' title="bbox 244 1105 1902 1166; baseline -0.001 -18"><span class='ocrx_word' id='word_1_74' title='bbox 244 1105 370 1164; x_wconf 85' lang='lat' dir='ltr'>prios</span> <span class='ocrx_word' id='word_1_75' title='bbox 404 1105 629 1157; x_wconf 82' lang='lat' dir='ltr'>foventes.</span> <span class='ocrx_word' id='word_1_76' title='bbox 670 1107 911 1151; x_wconf 89' lang='lat' dir='ltr'>Accedunt</span> <span class='ocrx_word' id='word_1_77' title='bbox 944 1122 1063 1166; x_wconf 80' lang='lat' dir='ltr'>Saepe</span> <span class='ocrx_word' id='word_1_78' title='bbox 1100 1114 1279 1151; x_wconf 82' lang='lat' dir='ltr'>meatus</span> <span class='ocrx_word' id='word_1_79' title='bbox 1313 1121 1353 1149; x_wconf 89' lang='lat' dir='ltr'>v.</span> <span class='ocrx_word' id='word_1_80' title='bbox 1385 1105 1547 1155; x_wconf 73' lang='lat' dir='ltr'>tubali,</span> <span class='ocrx_word' id='word_1_81' title='bbox 1573 1105 1706 1150; x_wconf 81' lang='lat' dir='ltr'>latice</span> <span class='ocrx_word' id='word_1_82' title='bbox 1741 1105 1902 1159; x_wconf 84' lang='lat' dir='ltr'>lacteo,</span> 
     </span>
     <span class='ocr_line' id='line_1_13' title="bbox 249 1184 1902 1246; baseline 0.001 -19"><span class='ocrx_word' id='word_1_83' title='bbox 249 1185 443 1239; x_wconf 81' lang='lat' dir='ltr'>virente,</span> <span class='ocrx_word' id='word_1_84' title='bbox 478 1184 697 1240; x_wconf 63' lang='lat' dir='ltr'>coen-aleo,</span> <span class='ocrx_word' id='word_1_85' title='bbox 732 1185 858 1230; x_wconf 86' lang='lat' dir='ltr'>luteo</span> <span class='ocrx_word' id='word_1_86' title='bbox 915 1201 958 1231; x_wconf 88' lang='lat' dir='ltr'>v.</span> <span class='ocrx_word' id='word_1_87' title='bbox 996 1187 1139 1231; x_wconf 85' lang='lat' dir='ltr'>rubro</span> <span class='ocrx_word' id='word_1_88' title='bbox 1193 1184 1322 1246; x_wconf 82' lang='lat' dir='ltr'>pleni</span> <span class='ocrx_word' id='word_1_89' title='bbox 1357 1209 1421 1218; x_wconf 91' lang='lat'>—</span> <span class='ocrx_word' id='word_1_90' title='bbox 1456 1201 1557 1230; x_wconf 75' lang='lat' dir='ltr'>vasa</span> <span class='ocrx_word' id='word_1_91' title='bbox 1600 1185 1822 1244; x_wconf 69' lang='lat' dir='ltr'>laIicffercc</span> <span class='ocrx_word' id='word_1_92' title='bbox 1857 1193 1902 1229; x_wconf 86' lang='lat' dir='ltr'>et</span> 
     </span>
     <span class='ocr_line' id='line_1_14' title="bbox 246 1264 1902 1326; baseline 0 -17"><span class='ocrx_word' id='word_1_93' title='bbox 246 1266 489 1324; x_wconf 81' lang='lat' dir='ltr'>speciatim</span> <span class='ocrx_word' id='word_1_94' title='bbox 541 1264 775 1326; x_wconf 78' lang='lat' dir='ltr'>laetifera,</span> <span class='ocrx_word' id='word_1_95' title='bbox 826 1282 852 1311; x_wconf 85' lang='lat' dir='ltr'>a</span> <span class='ocrx_word' id='word_1_96' title='bbox 906 1265 1232 1321; x_wconf 85' lang='lat' dir='ltr'>Schultzio,</span> <span class='ocrx_word' id='word_1_97' title='bbox 1291 1267 1451 1326; x_wconf 83' lang='lat' dir='ltr'>Hugo</span> <span class='ocrx_word' id='word_1_98' title='bbox 1504 1265 1656 1309; x_wconf 88' lang='lat' dir='ltr'>Mohl</span> <span class='ocrx_word' id='word_1_99' title='bbox 1706 1265 1902 1326; x_wconf 89' lang='lat' dir='ltr'>aliisque</span> 
     </span>
     <span class='ocr_line' id='line_1_15' title="bbox 246 1353 462 1391; baseline 0.005 -2"><span class='ocrx_word' id='word_1_100' title='bbox 246 1353 462 1391; x_wconf 80' lang='lat' dir='ltr'>scrutata.</span> 
     </span>
    </p>
   </div>
   <div class='ocr_carea' id='block_1_4' title="bbox 245 1437 1907 2077">
    <p class='ocr_par' dir='ltr' id='par_1_4' title="bbox 245 1437 1906 1901">
     <span class='ocr_line' id='line_1_16' title="bbox 350 1437 1904 1500; baseline -0.003 -16"><span class='ocrx_word' id='word_1_101' title='bbox 350 1442 468 1493; x_wconf 85' lang='lat' dir='ltr'>Quae</span> <span class='ocrx_word' id='word_1_102' title='bbox 504 1440 562 1484; x_wconf 91' lang='lat' dir='ltr'>de</span> <span class='ocrx_word' id='word_1_103' title='bbox 598 1440 760 1485; x_wconf 87' lang='lat' dir='ltr'>officio</span> <span class='ocrx_word' id='word_1_104' title='bbox 796 1439 1084 1496; x_wconf 87' lang='lat' dir='ltr'>cellularum,</span> <span class='ocrx_word' id='word_1_105' title='bbox 1117 1441 1168 1484; x_wconf 88' lang='lat' dir='ltr'>in</span> <span class='ocrx_word' id='word_1_106' title='bbox 1204 1440 1433 1495; x_wconf 78' lang='lat' dir='ltr'>stomatia‚</span> <span class='ocrx_word' id='word_1_107' title='bbox 1468 1437 1709 1500; x_wconf 80' lang='lat' dir='ltr'>glandulas</span> <span class='ocrx_word' id='word_1_108' title='bbox 1728 1446 1904 1482; x_wconf 85' lang='lat' dir='ltr'>extern.</span> 
     </span>
     <span class='ocr_line' id='line_1_17' title="bbox 246 1516 1903 1582; baseline -0.001 -20"><span class='ocrx_word' id='word_1_109' title='bbox 246 1534 290 1563; x_wconf 89' lang='lat' dir='ltr'>v.</span> <span class='ocrx_word' id='word_1_110' title='bbox 325 1519 534 1564; x_wconf 85' lang='lat' dir='ltr'>internas</span> <span class='ocrx_word' id='word_1_111' title='bbox 571 1517 760 1582; x_wconf 81' lang='lat' dir='ltr'>(organa</span> <span class='ocrx_word' id='word_1_112' title='bbox 797 1520 1041 1564; x_wconf 84' lang='lat' dir='ltr'>endadena</span> <span class='ocrx_word' id='word_1_113' title='bbox 1078 1519 1204 1575; x_wconf 59' lang='lat' dir='ltr'>nob„</span> <span class='ocrx_word' id='word_1_114' title='bbox 1246 1526 1468 1578; x_wconf 85' lang='lat' dir='ltr'>punctata</span> <span class='ocrx_word' id='word_1_115' title='bbox 1503 1516 1721 1579; x_wconf 76' lang='lat' dir='ltr'>auctorr.)</span> <span class='ocrx_word' id='word_1_116' title='bbox 1757 1533 1809 1561; x_wconf 88' lang='lat' dir='ltr'>ac</span> <span class='ocrx_word' id='word_1_117' title='bbox 1839 1518 1903 1576; x_wconf 85' lang='lat' dir='ltr'>pi-</span> 
     </span>
     <span class='ocr_line' id='line_1_18' title="bbox 245 1599 1904 1661; baseline -0.002 -16"><span class='ocrx_word' id='word_1_118' title='bbox 245 1599 316 1645; x_wconf 82' lang='lat' dir='ltr'>los</span> <span class='ocrx_word' id='word_1_119' title='bbox 352 1601 686 1657; x_wconf 86' lang='lat' dir='ltr'>confertarum,</span> <span class='ocrx_word' id='word_1_120' title='bbox 723 1618 746 1644; x_wconf 83' lang='lat' dir='ltr'>a</span> <span class='ocrx_word' id='word_1_121' title='bbox 785 1601 1070 1661; x_wconf 80' lang='lat' dir='ltr'>Physiologis</span> <span class='ocrx_word' id='word_1_122' title='bbox 1115 1601 1340 1645; x_wconf 82' lang='lat' dir='ltr'>celebrata</span> <span class='ocrx_word' id='word_1_123' title='bbox 1386 1608 1513 1655; x_wconf 85' lang='lat' dir='ltr'>sunt,</span> <span class='ocrx_word' id='word_1_124' title='bbox 1556 1601 1662 1644; x_wconf 87' lang='lat' dir='ltr'>usui</span> <span class='ocrx_word' id='word_1_125' title='bbox 1699 1603 1904 1658; x_wconf 83' lang='lat' dir='ltr'>Organo-</span> 
     </span>
     <span class='ocr_line' id='line_1_19' title="bbox 248 1682 1906 1743; baseline -0.001 -18"><span class='ocrx_word' id='word_1_126' title='bbox 248 1682 453 1743; x_wconf 76' lang='lat' dir='ltr'>graphiae</span> <span class='ocrx_word' id='word_1_127' title='bbox 505 1684 732 1742; x_wconf 83' lang='lat' dir='ltr'>practicae,</span> <span class='ocrx_word' id='word_1_128' title='bbox 789 1699 868 1743; x_wconf 84' lang='lat' dir='ltr'>pro</span> <span class='ocrx_word' id='word_1_129' title='bbox 910 1692 1121 1738; x_wconf 57' lang='lat' dir='ltr'>re&#39;nata,</span> <span class='ocrx_word' id='word_1_130' title='bbox 1173 1683 1510 1742; x_wconf 83' lang='lat' dir='ltr'>adaptavimus,</span> <span class='ocrx_word' id='word_1_131' title='bbox 1561 1698 1648 1726; x_wconf 89' lang='lat' dir='ltr'>nec</span> <span class='ocrx_word' id='word_1_132' title='bbox 1703 1695 1800 1725; x_wconf 91' lang='lat' dir='ltr'>non</span> <span class='ocrx_word' id='word_1_133' title='bbox 1839 1695 1906 1736; x_wconf 84' lang='lat' dir='ltr'>ea,</span> 
     </span>
     <span class='ocr_line' id='line_1_20' title="bbox 250 1761 1905 1824; baseline 0 -20"><span class='ocrx_word' id='word_1_134' title='bbox 250 1776 359 1820; x_wconf 84' lang='lat' dir='ltr'>quae</span> <span class='ocrx_word' id='word_1_135' title='bbox 414 1761 622 1818; x_wconf 87' lang='lat' dir='ltr'>Chemia,</span> <span class='ocrx_word' id='word_1_136' title='bbox 671 1762 990 1824; x_wconf 78' lang='lat' dir='ltr'>Morphologia</span> <span class='ocrx_word' id='word_1_137' title='bbox 1035 1771 1079 1807; x_wconf 85' lang='lat' dir='ltr'>et</span> <span class='ocrx_word' id='word_1_138' title='bbox 1115 1762 1400 1823; x_wconf 79' lang='lat' dir='ltr'>Teratologia</span> <span class='ocrx_word' id='word_1_139' title='bbox 1457 1761 1676 1805; x_wconf 81' lang='lat' dir='ltr'>Scientiae</span> <span class='ocrx_word' id='word_1_140' title='bbox 1733 1768 1905 1805; x_wconf 80' lang='lat' dir='ltr'>nostrae</span> 
     </span>
     <span class='ocr_line' id='line_1_21' title="bbox 250 1842 619 1901; baseline 0.005 -17"><span class='ocrx_word' id='word_1_141' title='bbox 250 1842 619 1901; x_wconf 79' lang='lat' dir='ltr'>suppeditavere.</span> 
     </span>
    </p>

    <p class='ocr_par' dir='ltr' id='par_1_5' title="bbox 251 1934 1907 2077">
     <span class='ocr_line' id='line_1_22' title="bbox 317 1934 1907 1995; baseline 0.001 -18"><span class='ocrx_word' id='word_1_142' title='bbox 317 1934 434 1978; x_wconf 90' lang='lat' dir='ltr'>Talis</span> <span class='ocrx_word' id='word_1_143' title='bbox 471 1934 719 1995; x_wconf 82' lang='lat' dir='ltr'>Histologia</span> <span class='ocrx_word' id='word_1_144' title='bbox 757 1936 1005 1980; x_wconf 85' lang='lat' dir='ltr'>adinterim</span> <span class='ocrx_word' id='word_1_145' title='bbox 1051 1936 1253 1981; x_wconf 84' lang='lat' dir='ltr'>sufficiat</span> <span class='ocrx_word' id='word_1_146' title='bbox 1289 1936 1345 1980; x_wconf 87' lang='lat' dir='ltr'>ad</span> <span class='ocrx_word' id='word_1_147' title='bbox 1385 1935 1689 1995; x_wconf 85' lang='lat' dir='ltr'>exponendos</span> <span class='ocrx_word' id='word_1_148' title='bbox 1724 1935 1907 1979; x_wconf 84' lang='lat' dir='ltr'>charac-</span> 
     </span>
     <span class='ocr_line' id='line_1_23' title="bbox 251 2012 1552 2077; baseline 0.003 -20"><span class='ocrx_word' id='word_1_149' title='bbox 251 2020 368 2058; x_wconf 88' lang='lat' dir='ltr'>teres</span> <span class='ocrx_word' id='word_1_150' title='bbox 404 2016 667 2059; x_wconf 82' lang='lat' dir='ltr'>sectionum</span> <span class='ocrx_word' id='word_1_151' title='bbox 709 2012 855 2076; x_wconf 78' lang='lat' dir='ltr'>Regni</span> <span class='ocrx_word' id='word_1_152' title='bbox 892 2019 1148 2076; x_wconf 63' lang='lat' dir='ltr'>praesertim</span> <span class='ocrx_word' id='word_1_153' title='bbox 1183 2016 1552 2077; x_wconf 81' lang='lat' dir='ltr'>amphorganici.</span> 
     </span>
    </p>
   </div>
   <div class='ocr_carea' id='block_1_5' title="bbox 252 2106 1913 2809">
    <p class='ocr_par' dir='ltr' id='par_1_6' title="bbox 252 2106 1913 2809">
     <span class='ocr_line' id='line_1_24' title="bbox 354 2106 1908 2169; baseline 0.001 -20"><span class='ocrx_word' id='word_1_154' title='bbox 354 2106 542 2150; x_wconf 87' lang='lat' dir='ltr'>Thallus</span> <span class='ocrx_word' id='word_1_155' title='bbox 580 2107 846 2165; x_wconf 85' lang='lat' dir='ltr'>plantarum</span> <span class='ocrx_word' id='word_1_156' title='bbox 884 2109 1027 2169; x_wconf 76' lang='lat' dir='ltr'>magis</span> <span class='ocrx_word' id='word_1_157' title='bbox 1063 2109 1354 2152; x_wconf 82' lang='lat' dir='ltr'>excultarum</span> <span class='ocrx_word' id='word_1_158' title='bbox 1370 2109 1564 2152; x_wconf 83' lang='lat' dir='ltr'>discedit</span> <span class='ocrx_word' id='word_1_159' title='bbox 1599 2109 1649 2152; x_wconf 85' lang='lat' dir='ltr'>in</span> <span class='ocrx_word' id='word_1_160' title='bbox 1688 2123 1908 2154; x_wconf 84' lang='lat' dir='ltr'>cormum</span> 
     </span>
     <span class='ocr_line' id='line_1_25' title="bbox 252 2186 1908 2249; baseline 0.001 -21"><span class='ocrx_word' id='word_1_161' title='bbox 252 2192 300 2229; x_wconf 89' lang='lat' dir='ltr'>et</span> <span class='ocrx_word' id='word_1_162' title='bbox 333 2186 558 2238; x_wconf 72' lang='lat' dir='ltr'>radicem:</span> <span class='ocrx_word' id='word_1_163' title='bbox 597 2186 685 2230; x_wconf 89' lang='lat' dir='ltr'>illis</span> <span class='ocrx_word' id='word_1_164' title='bbox 721 2188 900 2231; x_wconf 80' lang='lat' dir='ltr'>adnexa</span> <span class='ocrx_word' id='word_1_165' title='bbox 938 2196 1050 2232; x_wconf 87' lang='lat' dir='ltr'>sunt</span> <span class='ocrx_word' id='word_1_166' title='bbox 1093 2189 1212 2232; x_wconf 84' lang='lat' dir='ltr'>varia</span> <span class='ocrx_word' id='word_1_167' title='bbox 1257 2204 1426 2249; x_wconf 83' lang='lat' dir='ltr'>organa</span> <span class='ocrx_word' id='word_1_168' title='bbox 1466 2189 1572 2232; x_wconf 84' lang='lat' dir='ltr'>vitae</span> <span class='ocrx_word' id='word_1_169' title='bbox 1609 2188 1908 2232; x_wconf 84' lang='lat' dir='ltr'>individualis</span> 
     </span>
     <span class='ocr_line' id='line_1_26' title="bbox 252 2263 1909 2330; baseline 0.001 -20"><span class='ocrx_word' id='word_1_170' title='bbox 252 2263 558 2330; x_wconf 80' lang='lat' dir='ltr'>(vegetativae)</span> <span class='ocrx_word' id='word_1_171' title='bbox 595 2276 640 2311; x_wconf 87' lang='lat' dir='ltr'>et</span> <span class='ocrx_word' id='word_1_172' title='bbox 684 2270 1031 2327; x_wconf 81' lang='lat' dir='ltr'>reproductivae.</span> <span class='ocrx_word' id='word_1_173' title='bbox 1091 2269 1427 2330; x_wconf 81' lang='lat' dir='ltr'>Terminologia</span> <span class='ocrx_word' id='word_1_174' title='bbox 1475 2270 1693 2314; x_wconf 80' lang='lat' dir='ltr'>solemnis</span> <span class='ocrx_word' id='word_1_175' title='bbox 1735 2269 1909 2313; x_wconf 88' lang='lat' dir='ltr'>horum</span> 
     </span>
     <span class='ocr_line' id='line_1_27' title="bbox 254 2348 1910 2408; baseline 0.001 -18"><span class='ocrx_word' id='word_1_176' title='bbox 254 2362 539 2408; x_wconf 77' lang='lat' dir='ltr'>organorum</span> <span class='ocrx_word' id='word_1_177' title='bbox 573 2348 631 2392; x_wconf 82' lang='lat' dir='ltr'>ab</span> <span class='ocrx_word' id='word_1_178' title='bbox 677 2350 945 2394; x_wconf 82' lang='lat' dir='ltr'>auctoribus</span> <span class='ocrx_word' id='word_1_179' title='bbox 1001 2350 1306 2408; x_wconf 75' lang='lat' dir='ltr'>superioetata</span> <span class='ocrx_word' id='word_1_180' title='bbox 1360 2358 1437 2403; x_wconf 84' lang='lat' dir='ltr'>est,</span> <span class='ocrx_word' id='word_1_181' title='bbox 1490 2350 1607 2408; x_wconf 86' lang='lat' dir='ltr'>quin</span> <span class='ocrx_word' id='word_1_182' title='bbox 1655 2358 1810 2396; x_wconf 76' lang='lat' dir='ltr'>tamen</span> <span class='ocrx_word' id='word_1_183' title='bbox 1850 2350 1910 2394; x_wconf 79' lang='lat' dir='ltr'>ad</span> 
     </span>
     <span class='ocr_line' id='line_1_28' title="bbox 253 2429 1909 2491; baseline 0.003 -21"><span class='ocrx_word' id='word_1_184' title='bbox 253 2441 538 2488; x_wconf 83' lang='lat' dir='ltr'>organorum</span> <span class='ocrx_word' id='word_1_185' title='bbox 574 2429 886 2474; x_wconf 80' lang='lat' dir='ltr'>differentiam</span> <span class='ocrx_word' id='word_1_186' title='bbox 930 2431 1014 2474; x_wconf 90' lang='lat' dir='ltr'>rite</span> <span class='ocrx_word' id='word_1_187' title='bbox 1059 2430 1387 2488; x_wconf 75' lang='lat' dir='ltr'>exponendam</span> <span class='ocrx_word' id='word_1_188' title='bbox 1422 2446 1504 2489; x_wconf 87' lang='lat' dir='ltr'>par</span> <span class='ocrx_word' id='word_1_189' title='bbox 1539 2433 1611 2484; x_wconf 84' lang='lat' dir='ltr'>sit;</span> <span class='ocrx_word' id='word_1_190' title='bbox 1646 2447 1789 2491; x_wconf 80' lang='lat' dir='ltr'>quare</span> <span class='ocrx_word' id='word_1_191' title='bbox 1827 2446 1909 2476; x_wconf 91' lang='lat' dir='ltr'>no-</span> 
     </span>
     <span class='ocr_line' id='line_1_29' title="bbox 254 2507 1910 2572; baseline 0.002 -20"><span class='ocrx_word' id='word_1_192' title='bbox 254 2508 387 2552; x_wconf 86' lang='lat' dir='ltr'>mina</span> <span class='ocrx_word' id='word_1_193' title='bbox 423 2507 570 2552; x_wconf 79' lang='lat' dir='ltr'>multa</span> <span class='ocrx_word' id='word_1_194' title='bbox 608 2511 856 2569; x_wconf 80' lang='lat' dir='ltr'>proposita,</span> <span class='ocrx_word' id='word_1_195' title='bbox 896 2526 988 2555; x_wconf 85' lang='lat' dir='ltr'>una</span> <span class='ocrx_word' id='word_1_196' title='bbox 1026 2527 1136 2554; x_wconf 89' lang='lat' dir='ltr'>cum</span> <span class='ocrx_word' id='word_1_197' title='bbox 1172 2511 1272 2555; x_wconf 86' lang='lat' dir='ltr'>aliis</span> <span class='ocrx_word' id='word_1_198' title='bbox 1292 2511 1642 2572; x_wconf 83' lang='lat' dir='ltr'>Phytographis,</span> <span class='ocrx_word' id='word_1_199' title='bbox 1676 2513 1910 2572; x_wconf 83' lang='lat' dir='ltr'>superflua</span> 
     </span>
     <span class='ocr_line' id='line_1_30' title="bbox 256 2589 1913 2655; baseline 0.002 -22"><span class='ocrx_word' id='word_1_200' title='bbox 256 2589 490 2633; x_wconf 86' lang='lat' dir='ltr'>censendo</span> <span class='ocrx_word' id='word_1_201' title='bbox 526 2596 571 2632; x_wconf 90' lang='lat' dir='ltr'>et</span> <span class='ocrx_word' id='word_1_202' title='bbox 607 2592 785 2635; x_wconf 87' lang='lat' dir='ltr'>monita</span> <span class='ocrx_word' id='word_1_203' title='bbox 823 2591 888 2634; x_wconf 88' lang='lat' dir='ltr'>Cl.</span> <span class='ocrx_word' id='word_1_204' title='bbox 930 2595 1093 2652; x_wconf 83' lang='lat' dir='ltr'>Hugo</span> <span class='ocrx_word' id='word_1_205' title='bbox 1130 2608 1153 2636; x_wconf 87' lang='lat' dir='ltr'>a</span> <span class='ocrx_word' id='word_1_206' title='bbox 1192 2592 1366 2649; x_wconf 73' lang='lat' dir='ltr'>Mohl,</span> <span class='ocrx_word' id='word_1_207' title='bbox 1413 2593 1464 2637; x_wconf 90' lang='lat' dir='ltr'>in</span> <span class='ocrx_word' id='word_1_208' title='bbox 1499 2589 1665 2639; x_wconf 76' lang='lat' dir='ltr'>Bocan.</span> <span class='ocrx_word' id='word_1_209' title='bbox 1701 2591 1913 2655; x_wconf 76' lang='lat' dir='ltr'>Zeicccng,</span> 
     </span>
     <span class='ocr_line' id='line_1_31' title="bbox 259 2666 1912 2735; baseline 0.003 -24"><span class='ocrx_word' id='word_1_210' title='bbox 259 2667 406 2719; x_wconf 66' lang='lat'>18123,</span> <span class='ocrx_word' id='word_1_211' title='bbox 441 2666 680 2724; x_wconf 85' lang='lat' dir='ltr'>declarata,</span> <span class='ocrx_word' id='word_1_212' title='bbox 715 2671 885 2729; x_wconf 85' lang='lat' dir='ltr'>partim</span> <span class='ocrx_word' id='word_1_213' title='bbox 930 2671 1184 2731; x_wconf 82' lang='lat' dir='ltr'>sequendO,</span> <span class='ocrx_word' id='word_1_214' title='bbox 1226 2672 1585 2735; x_wconf 77' lang='lat' dir='ltr'>Tei-minologiae</span> <span class='ocrx_word' id='word_1_215' title='bbox 1630 2680 1800 2722; x_wconf 77' lang='lat' dir='ltr'>nostrae</span> <span class='ocrx_word' id='word_1_216' title='bbox 1835 2673 1912 2718; x_wconf 85' lang='lat' dir='ltr'>ad-</span> 
     </span>
     <span class='ocr_line' id='line_1_32' title="bbox 259 2747 957 2809; baseline 0.004 -17"><span class='ocrx_word' id='word_1_217' title='bbox 259 2748 515 2793; x_wconf 83' lang='lat' dir='ltr'>ditamenta</span> <span class='ocrx_word' id='word_1_218' title='bbox 552 2747 628 2792; x_wconf 87' lang='lat' dir='ltr'>hic</span> <span class='ocrx_word' id='word_1_219' title='bbox 665 2751 957 2809; x_wconf 83' lang='lat' dir='ltr'>exponimus.</span> 
     </span>
    </p>
   </div>
   <div class='ocr_carea' id='block_1_6' title="bbox 261 2840 1910 2985">
    <p class='ocr_par' dir='ltr' id='par_1_7' title="bbox 261 2840 1910 2985">
     <span class='ocr_line' id='line_1_33' title="bbox 332 2840 1908 2901; baseline 0.007 -19"><span class='ocrx_word' id='word_1_220' title='bbox 332 2840 402 2887; x_wconf 89' lang='lat' dir='ltr'>Ad</span> <span class='ocrx_word' id='word_1_221' title='bbox 437 2855 611 2901; x_wconf 84' lang='lat' dir='ltr'>organa</span> <span class='ocrx_word' id='word_1_222' title='bbox 644 2842 873 2898; x_wconf 84' lang='lat' dir='ltr'>radicalia,</span> <span class='ocrx_word' id='word_1_223' title='bbox 915 2844 1135 2890; x_wconf 78' lang='lat' dir='ltr'>deorsum</span> <span class='ocrx_word' id='word_1_224' title='bbox 1172 2845 1440 2899; x_wconf 78' lang='lat' dir='ltr'>crescentia,</span> <span class='ocrx_word' id='word_1_225' title='bbox 1487 2846 1758 2897; x_wconf 78' lang='lat' dir='ltr'>referuntur:</span> <span class='ocrx_word' id='word_1_226' title='bbox 1798 2845 1908 2893; x_wconf 72' lang='lat' dir='ltr'><em>Rhi-</em></span> 
     </span>
     <span class='ocr_line' id='line_1_34' title="bbox 261 2920 1910 2985; baseline 0.004 -21"><span class='ocrx_word' id='word_1_227' title='bbox 261 2935 400 2965; x_wconf 76' lang='lat' dir='ltr'>zoma</span> <span class='ocrx_word' id='word_1_228' title='bbox 435 2920 650 2978; x_wconf 73' lang='lat' dir='ltr'>centrale,</span> <span class='ocrx_word' id='word_1_229' title='bbox 685 2922 833 2982; x_wconf 84' lang='lat' dir='ltr'>simpl.</span> <span class='ocrx_word' id='word_1_230' title='bbox 870 2940 915 2971; x_wconf 77' lang='lat' dir='ltr'>v·</span> <span class='ocrx_word' id='word_1_231' title='bbox 955 2940 1210 2982; x_wconf 84' lang='lat' dir='ltr'>ramosum,</span> <span class='ocrx_word' id='word_1_232' title='bbox 1243 2939 1361 2985; x_wconf 76' lang='lat' dir='ltr'>saepe</span> <span class='ocrx_word' id='word_1_233' title='bbox 1397 2926 1631 2983; x_wconf 86' lang='lat' dir='ltr'>deficiens,</span> <span class='ocrx_word' id='word_1_234' title='bbox 1665 2936 1710 2975; x_wconf 83' lang='lat' dir='ltr'>et</span> <span class='ocrx_word' id='word_1_235' title='bbox 1749 2924 1910 2975; x_wconf 70' lang='lat' dir='ltr'>Rhizo-</span> 
     </span>
    </p>
   </div>
  </div>
 </body>
</html>
