1975 3343
719 250 778 255 --
854 223 945 266 <207
1022 250 1083 255 ω

73 351 271 412 guttulas
306 349 579 413 (vesiciilas?)
619 349 788 393 oleosas
840 348 1059 393 solitarias
1096 365 1134 404 v,
1180 351 1332 408 plures
1389 351 1606 406 foventeS‚
1653 351 1719 395 hi-

70 432 333 476 bernantesl‘
368 440 410 475 et
445 432 591 474 fausto
631 437 836 485 tompore
875 429 1128 486 mycelium
1150 446 1202 474 ac
1240 432 1404 491 fungos
1439 432 1716 476 evolventes.

72 513 278 556 Vesicula
318 509 629 562 embrvonalis
667 508 947 566 quibusdam
992 508 1137 552 inesse
1193 511 1392 554 videtur?
1430 518 1474 556 et
1508 512 1721 573 analogia

72 594 260 636 evidens
296 609 403 636 cum
442 591 587 649 sporis
623 594 666 631 et
704 587 919 645 polliniis,
955 602 1040 631 nec
1077 604 1176 632 non
1199 590 1434 635 mobilitas
1468 595 1721 650 spontanea

71 673 119 715 in
157 673 438 732 quibusdam
474 670 721 714 observata.

174 754 325 812 Fungi
362 756 575 795 constant
611 764 634 791 e
673 746 845 790 cellulis
881 750 1224 808 microscopicis
1279 751 1489 796 solitariis
1539 754 1722 798 oomor-

72 832 176 892 phis
210 829 390 895 (ovulis)
431 848 469 875 v·
507 836 548 874 et
585 828 893 873 fulcrantibus
929 829 1083 877 variis,
1125 845 1229 887 qnae
1266 831 1316 872 in
1352 830 1722 891 mycelium,hy-

71 915 193 972 phas.
234 913 508 971 capillitium
551 927 587 954 v.
633 913 813 968 cytema
858 925 976 967 saepe
1014 908 1498 970 plocenchymaticum
1554 918 1596 954 et
1633 914 1722 959 cito

68 996 340 1047 increscens,
375 993 553 1042 laxum,
588 1005 731 1033 muco
773 986 1011 1049 (cambioP)
1048 989 1312 1039 abundans,
1352 991 1402 1033 in
1438 993 1723 1050 quibusdam

68 1074 126 1117 ab
146 1075 248 1117 aere
270 1089 380 1115 mox
400 1072 726 1125 coerulescens,
748 1086 868 1113 ——v0
892 1068 1117 1122 strictum,
1134 1067 1382 1128 lignosum,
1403 1075 1583 1128 peraeta
1602 1072 1721 1116 fruc-

70 1155 321 1199 tificatione
359 1154 497 1196 unica
540 1151 735 1209 periens,
772 1164 874 1194 raro
925 1161 1132 1206 perenne
1177 1154 1219 1191 et
1256 1149 1585 1194 innovandum
1622 1148 1721 1213 (Po-

68 1232 291 1296 lypoms),
328 1233 460 1276 latice
497 1233 663 1290 passim
700 1231 850 1273 viroso
900 1243 944 1274 v.
986 1227 1100 1272 lacte
1149 1229 1375 1272 acerrimo
1428 1246 1473 1274 v.
1513 1230 1723 1275 innocuo

68 1330 315 1374 praegnans
351 1319 394 1356 et
432 1311 720 1371 receptacula
759 1309 884 1354 varia
922 1308 1144 1353 ovulifera
1184 1310 1392 1354 formans
1426 1311 1722 1367 evolvuntur3

68 1394 181 1437 hinc
217 1394 569 1453 organisationis
606 1391 774 1434 modus
810 1398 854 1434 et
891 1403 1156 1448 progressus
1192 1397 1446 1449 sequentes:

171 1474 420 1533 Mycelium
471 1470 789 1531 primordiale,
844 1484 899 1511 ex
953 1469 1101 1513 ovulis
1136 1486 1176 1514 v.
1215 1472 1480 1518 immediate
1525 1487 1548 1515 e
1582 1487 1722 1516 succo

67 1555 288 1615 organico
326 1561 499 1604 ortum,
539 1555 807 1607 floccosuni,
860 1549 1244 1608 arachnoideum,
1292 1554 1724 1609 membranaceum,

67 1652 110 1680 v.
154 1635 400 1690 maculam,
437 1635 783 1695 mucilaginem,
833 1645 1064 1695 spllmssm,
1114 1650 1314 1690 caseum,
1359 1635 1605 1693 spongiam
1642 1638 1723 1678 aut

68 1717 201 1766 tuber
238 1717 526 1775 compactius
565 1718 782 1769 reserens,
819 1735 954 1764 ρι---
990 1718 1209 1770 effusum,
1243 1705 1533 1773 superficiale
1571 1727 1612 1756 v.
1653 1714 1720 1756 in-

67 1797 389 1855 conspicuum,
424 1802 589 1840 terram
630 1813 674 1841 v.
724 1804 901 1858 cytema
952 1799 1221 1860 organicum
1276 1799 1535 1853 penetrans,
1568 1807 1609 1836 v·
1645 1793 1724 1836 ob-

66 1876 278 1931 soletum,
314 1876 454 1937 fugax
489 1892 534 1919 v.
575 1893 856 1935 perennans,
907 1879 1070 1933 sterile,
1124 1874 1523 1933 conidiophorum
1563 1887 1601 1916 v.
1635 1878 1724 1916 sto-

64 1956 323 2000 loniferum
361 1953 573 2017 (Μῦθον),
607 1983 671 1989 —-
710 1957 760 2001 in
798 1955 1128 2017 Coniomycelis
1180 1954 1319 1999 ovula
1367 1953 1492 1998 varia
1529 1953 1647 1996 intra
1685 1967 1726 1996 v.

66 2044 188 2081 extra
225 2035 409 2079 cellulas
462 2036 726 2094 plantarum
764 2053 805 2086 v,
843 2039 1083 2082 matricem
1135 2034 1420 2093 ovuligeram
1467 2048 1492 2075 e
1537 2031 1723 2075 cambio

65 2116 251 2174 spissato
288 2121 332 2159 et
365 2121 646 2160 extravasato
682 2119 865 2173 ortamP,
901 2118 950 2161 in
991 2114 1345 2176 Hyphomycetis
1376 2113 1558 2174 hyphas
1591 2111 1724 2174 (floc-

66 2197 125 2257 ci)
179 2195 412 2255 simplices
457 2213 500 2242 v.
545 2209 759 2252 ramosas,
794 2197 1064 2258 ovuligeras,
1114 2202 1285 2241 erectas
1336 2194 1483 2238 rarius
1527 2200 1722 2252 prostra-

67 2283 142 2329 tas,
176 2277 346 2320 evolvit
381 2303 446 2309 —-
481 2283 560 2321 aut
617 2278 861 2323 tubercula
927 2283 1222 2337 progenerat,
1268 2275 1463 2318 demum
1512 2273 1561 2316 in
1602 2275 1722 2332 peri-

60 2357 201 2400 -dium
237 2357 393 2415 simpl.
435 2372 474 2401 v.
510 2357 771 2417 multiplex‘,
825 2359 993 2420 passim
1050 2356 1453 2415 columelligerum
1498 2363 1541 2398 et
1573 2357 1723 2402 ovulis

68 2436 202 2479 variae
269 2437 474 2496 originiS,
534 2453 654 2495 saepe
722 2438 940 2496 capillitio
978 2438 1164 2495 stipatis,
1219 2435 1499 2494 quibusdam
1553 2436 1721 2493 peridi-

65 2515 150 2559 olis
172 2532 215 2560 v.
237 2516 347 2559 aseis
384 2516 570 2560 inclusis
591 2517 786 2561 farctum
809 2517 1058 2561 evolvenda
1080 2513 1447 2576 (Gasteromyci)·
1464 2513 1722 2560 Tubercula

68 2597 252 2656 mycelii
289 2600 765 2657 Hymenomycetum,
800 2599 1002 2657 denique
1038 2595 1355 2648 increscentia,
1401 2594 1598 2637 thallum
1634 2591 1719 2656 (re-

65 2678 373 2737 ceptaculum,
409 2685 597 2728 stroma,
635 2678 1068 2738 hymenophorum)
1118 2676 1221 2720 velo
1256 2674 1507 2720 universali
1543 2678 1585 2717 et
1622 2689 1719 2732 pas·

64 2760 153 2804 sim
207 2760 396 2818 duplici,
450 2760 664 2815 durabili,
718 2761 767 2803 in
821 2760 1003 2804 volvam
1047 2765 1090 2801 et
1133 2756 1366 2802 annulum
1404 2755 1453 2800 vj
1490 2755 1716 2797 cortinam

65 2840 375 2890 efformando,
414 2840 570 2899 fugaci
606 2856 651 2882 v.
693 2841 768 2882 vix
815 2840 909 2883 ullo
955 2839 1220 2897 praeditum,
1257 2837 1491 2888 evolvunt3
1527 2834 1715 2892 superfi-

64 2925 154 2965 cies
192 2921 319 2964 thalli
355 2920 653 2980 polymorphi
694 2921 846 2963 omnis
883 2935 920 2963 v·
968 2935 1022 2963 ex
1057 2924 1182 2978 parte
1235 2922 1370 2962 strato
1407 2914 1639 2974 ovuligero
1675 2930 1710 2957 s.

63 3001 272 3060 hym‘nz’o
309 3001 573 3055 obducitur,
611 3000 743 3045 ovula
783 3014 1030 3044 numerosa
1076 3003 1314 3059 quaterna,
1365 2996 1509 3040 rarius
1546 2995 1714 3048 ‘l-sena‚
